[gd_scene load_steps=10 format=2]

[ext_resource path="res://scripts/particles/swarm_missiles.gd" type="Script" id=1]
[ext_resource path="res://images/particles/swarm_missile.png" type="Texture" id=2]
[ext_resource path="res://images/particles/snowflake.png" type="Texture" id=3]
[ext_resource path="res://images/particles/explosion01.png" type="Texture" id=4]
[ext_resource path="res://sounds/attacks/sfx_exp_medium4.wav" type="AudioStream" id=5]

[sub_resource type="Gradient" id=1]
offsets = PoolRealArray( 0, 0.118343, 0.585799, 1 )
colors = PoolColorArray( 1, 1, 1, 0, 1, 0.752941, 0, 1, 1, 0, 0, 1, 0.12549, 0.12549, 0.12549, 0 )

[sub_resource type="CanvasItemMaterial" id=2]
blend_mode = 1

[sub_resource type="Animation" id=3]
resource_name = "fly"
length = 0.8
tracks/0/type = "value"
tracks/0/path = NodePath("Sprite1/ParticlesTrail:emitting")
tracks/0/interp = 1
tracks/0/loop_wrap = true
tracks/0/imported = false
tracks/0/enabled = true
tracks/0/keys = {
"times": PoolRealArray( 0 ),
"transitions": PoolRealArray( 1 ),
"update": 2,
"values": [ true ]
}
tracks/1/type = "value"
tracks/1/path = NodePath("Sprite1/Sprite2/ParticlesTrail:emitting")
tracks/1/interp = 1
tracks/1/loop_wrap = true
tracks/1/imported = false
tracks/1/enabled = true
tracks/1/keys = {
"times": PoolRealArray( 0 ),
"transitions": PoolRealArray( 1 ),
"update": 2,
"values": [ true ]
}
tracks/2/type = "value"
tracks/2/path = NodePath("Sprite1/Sprite3/ParticlesTrail:emitting")
tracks/2/interp = 1
tracks/2/loop_wrap = true
tracks/2/imported = false
tracks/2/enabled = true
tracks/2/keys = {
"times": PoolRealArray( 0 ),
"transitions": PoolRealArray( 1 ),
"update": 2,
"values": [ true ]
}
tracks/3/type = "value"
tracks/3/path = NodePath("Sprite1/Sprite2:position")
tracks/3/interp = 1
tracks/3/loop_wrap = true
tracks/3/imported = false
tracks/3/enabled = true
tracks/3/keys = {
"times": PoolRealArray( 0, 0.8 ),
"transitions": PoolRealArray( 1, 1 ),
"update": 0,
"values": [ Vector2( -14, -8 ), Vector2( -4, -10.6667 ) ]
}
tracks/4/type = "value"
tracks/4/path = NodePath("Sprite1/Sprite3:position")
tracks/4/interp = 1
tracks/4/loop_wrap = true
tracks/4/imported = false
tracks/4/enabled = true
tracks/4/keys = {
"times": PoolRealArray( 0, 0.8 ),
"transitions": PoolRealArray( 1, 1 ),
"update": 0,
"values": [ Vector2( -14, 8 ), Vector2( -4, 10.6667 ) ]
}
tracks/5/type = "value"
tracks/5/path = NodePath("Sprite1/Sprite2:rotation_degrees")
tracks/5/interp = 1
tracks/5/loop_wrap = true
tracks/5/imported = false
tracks/5/enabled = true
tracks/5/keys = {
"times": PoolRealArray( 0, 0.8 ),
"transitions": PoolRealArray( 1, 1 ),
"update": 0,
"values": [ -15.0, 15.0 ]
}
tracks/6/type = "value"
tracks/6/path = NodePath("Sprite1/Sprite3:rotation_degrees")
tracks/6/interp = 1
tracks/6/loop_wrap = true
tracks/6/imported = false
tracks/6/enabled = true
tracks/6/keys = {
"times": PoolRealArray( 0, 0.8 ),
"transitions": PoolRealArray( 1, 1 ),
"update": 0,
"values": [ 15.0, -15.0 ]
}

[sub_resource type="Animation" id=4]
step = 0.05
tracks/0/type = "value"
tracks/0/path = NodePath("Sound:playing")
tracks/0/interp = 1
tracks/0/loop_wrap = true
tracks/0/imported = false
tracks/0/enabled = true
tracks/0/keys = {
"times": PoolRealArray( 0 ),
"transitions": PoolRealArray( 1 ),
"update": 2,
"values": [ true ]
}
tracks/1/type = "value"
tracks/1/path = NodePath("Sprite1/Explosion:visible")
tracks/1/interp = 1
tracks/1/loop_wrap = true
tracks/1/imported = false
tracks/1/enabled = true
tracks/1/keys = {
"times": PoolRealArray( 0 ),
"transitions": PoolRealArray( 1 ),
"update": 1,
"values": [ true ]
}
tracks/2/type = "value"
tracks/2/path = NodePath("Sprite1/Explosion:modulate")
tracks/2/interp = 1
tracks/2/loop_wrap = true
tracks/2/imported = false
tracks/2/enabled = true
tracks/2/keys = {
"times": PoolRealArray( 0, 0.05, 0.3, 0.4 ),
"transitions": PoolRealArray( 1, 1, 1, 1 ),
"update": 0,
"values": [ Color( 1, 1, 1, 0 ), Color( 1, 1, 1, 1 ), Color( 1, 1, 1, 1 ), Color( 1, 1, 1, 0 ) ]
}
tracks/3/type = "value"
tracks/3/path = NodePath("Sprite1/Explosion:frame")
tracks/3/interp = 1
tracks/3/loop_wrap = true
tracks/3/imported = false
tracks/3/enabled = true
tracks/3/keys = {
"times": PoolRealArray( 0, 0.4 ),
"transitions": PoolRealArray( 1, 1 ),
"update": 0,
"values": [ 0, 5 ]
}
tracks/4/type = "value"
tracks/4/path = NodePath("Sprite1:self_modulate")
tracks/4/interp = 1
tracks/4/loop_wrap = true
tracks/4/imported = false
tracks/4/enabled = true
tracks/4/keys = {
"times": PoolRealArray( 0, 0.05, 0.15 ),
"transitions": PoolRealArray( 1, 1, 1 ),
"update": 0,
"values": [ Color( 1, 1, 1, 1 ), Color( 1, 1, 1, 1 ), Color( 1, 1, 1, 0 ) ]
}
tracks/5/type = "value"
tracks/5/path = NodePath("Sprite1/Sprite2/Explosion:visible")
tracks/5/interp = 1
tracks/5/loop_wrap = true
tracks/5/imported = false
tracks/5/enabled = true
tracks/5/keys = {
"times": PoolRealArray( 0 ),
"transitions": PoolRealArray( 1 ),
"update": 1,
"values": [ true ]
}
tracks/6/type = "value"
tracks/6/path = NodePath("Sprite1/Sprite2/Explosion:modulate")
tracks/6/interp = 1
tracks/6/loop_wrap = true
tracks/6/imported = false
tracks/6/enabled = true
tracks/6/keys = {
"times": PoolRealArray( 0, 0.05, 0.3, 0.4 ),
"transitions": PoolRealArray( 1, 1, 1, 1 ),
"update": 0,
"values": [ Color( 1, 1, 1, 0 ), Color( 1, 1, 1, 1 ), Color( 1, 1, 1, 1 ), Color( 1, 1, 1, 0 ) ]
}
tracks/7/type = "value"
tracks/7/path = NodePath("Sprite1/Sprite2/Explosion:frame")
tracks/7/interp = 1
tracks/7/loop_wrap = true
tracks/7/imported = false
tracks/7/enabled = true
tracks/7/keys = {
"times": PoolRealArray( 0, 0.4 ),
"transitions": PoolRealArray( 1, 1 ),
"update": 0,
"values": [ 0, 5 ]
}
tracks/8/type = "value"
tracks/8/path = NodePath("Sprite1/Sprite2:self_modulate")
tracks/8/interp = 1
tracks/8/loop_wrap = true
tracks/8/imported = false
tracks/8/enabled = true
tracks/8/keys = {
"times": PoolRealArray( 0, 0.05, 0.15 ),
"transitions": PoolRealArray( 1, 1, 1 ),
"update": 0,
"values": [ Color( 1, 1, 1, 1 ), Color( 1, 1, 1, 1 ), Color( 1, 1, 1, 0 ) ]
}
tracks/9/type = "value"
tracks/9/path = NodePath("Sprite1/Sprite3/Explosion:visible")
tracks/9/interp = 1
tracks/9/loop_wrap = true
tracks/9/imported = false
tracks/9/enabled = true
tracks/9/keys = {
"times": PoolRealArray( 0 ),
"transitions": PoolRealArray( 1 ),
"update": 1,
"values": [ true ]
}
tracks/10/type = "value"
tracks/10/path = NodePath("Sprite1/Sprite3/Explosion:modulate")
tracks/10/interp = 1
tracks/10/loop_wrap = true
tracks/10/imported = false
tracks/10/enabled = true
tracks/10/keys = {
"times": PoolRealArray( 0, 0.05, 0.3, 0.4 ),
"transitions": PoolRealArray( 1, 1, 1, 1 ),
"update": 0,
"values": [ Color( 1, 1, 1, 0 ), Color( 1, 1, 1, 1 ), Color( 1, 1, 1, 1 ), Color( 1, 1, 1, 0 ) ]
}
tracks/11/type = "value"
tracks/11/path = NodePath("Sprite1/Sprite3/Explosion:frame")
tracks/11/interp = 1
tracks/11/loop_wrap = true
tracks/11/imported = false
tracks/11/enabled = true
tracks/11/keys = {
"times": PoolRealArray( 0, 0.4 ),
"transitions": PoolRealArray( 1, 1 ),
"update": 0,
"values": [ 0, 5 ]
}
tracks/12/type = "value"
tracks/12/path = NodePath("Sprite1/Sprite3:self_modulate")
tracks/12/interp = 1
tracks/12/loop_wrap = true
tracks/12/imported = false
tracks/12/enabled = true
tracks/12/keys = {
"times": PoolRealArray( 0, 0.05, 0.15 ),
"transitions": PoolRealArray( 1, 1, 1 ),
"update": 0,
"values": [ Color( 1, 1, 1, 1 ), Color( 1, 1, 1, 1 ), Color( 1, 1, 1, 0 ) ]
}
tracks/13/type = "method"
tracks/13/path = NodePath(".")
tracks/13/interp = 1
tracks/13/loop_wrap = true
tracks/13/imported = false
tracks/13/enabled = true
tracks/13/keys = {
"times": PoolRealArray( 1 ),
"transitions": PoolRealArray( 1 ),
"values": [ {
"args": [  ],
"method": "queue_free"
} ]
}

[node name="Projectile" type="Node2D"]
scale = Vector2( 1, 0.75 )
script = ExtResource( 1 )
speed = 0.4

[node name="Sprite1" type="Sprite" parent="."]
texture = ExtResource( 2 )
offset = Vector2( -6, 0 )

[node name="ParticlesTrail" type="CPUParticles2D" parent="Sprite1"]
position = Vector2( -14, 0 )
amount = 64
lifetime = 0.5
one_shot = true
local_coords = false
texture = ExtResource( 3 )
spread = 180.0
gravity = Vector2( 0, 0 )
initial_velocity = 8.0
initial_velocity_random = 0.25
angular_velocity = 64.0
damping = 8.0
scale_amount = 2.0
color_ramp = SubResource( 1 )

[node name="Explosion" type="Sprite" parent="Sprite1"]
modulate = Color( 1, 1, 1, 0 )
self_modulate = Color( 1, 1, 1, 0.501961 )
light_mask = 0
material = SubResource( 2 )
scale = Vector2( 0.5, 0.666665 )
texture = ExtResource( 4 )
hframes = 6

[node name="Sprite2" type="Sprite" parent="Sprite1"]
position = Vector2( -14, -8 )
rotation = -0.261799
texture = ExtResource( 2 )
offset = Vector2( -6, 0 )

[node name="ParticlesTrail" type="CPUParticles2D" parent="Sprite1/Sprite2"]
position = Vector2( -14, 0 )
amount = 64
lifetime = 0.5
one_shot = true
local_coords = false
texture = ExtResource( 3 )
spread = 180.0
gravity = Vector2( 0, 0 )
initial_velocity = 8.0
initial_velocity_random = 0.25
angular_velocity = 64.0
damping = 8.0
scale_amount = 2.0
color_ramp = SubResource( 1 )

[node name="Explosion" type="Sprite" parent="Sprite1/Sprite2"]
modulate = Color( 1, 1, 1, 0 )
self_modulate = Color( 1, 1, 1, 0.501961 )
light_mask = 0
material = SubResource( 2 )
rotation = -0.261799
scale = Vector2( 0.5, 0.666665 )
texture = ExtResource( 4 )
hframes = 6

[node name="Sprite3" type="Sprite" parent="Sprite1"]
position = Vector2( -14, 8 )
rotation = 0.261799
texture = ExtResource( 2 )
offset = Vector2( -6, 0 )

[node name="ParticlesTrail" type="CPUParticles2D" parent="Sprite1/Sprite3"]
position = Vector2( -14, 0 )
amount = 64
lifetime = 0.5
one_shot = true
local_coords = false
texture = ExtResource( 3 )
spread = 180.0
gravity = Vector2( 0, 0 )
initial_velocity = 8.0
initial_velocity_random = 0.25
angular_velocity = 64.0
damping = 8.0
scale_amount = 2.0
color_ramp = SubResource( 1 )

[node name="Explosion" type="Sprite" parent="Sprite1/Sprite3"]
modulate = Color( 1, 1, 1, 0 )
self_modulate = Color( 1, 1, 1, 0.501961 )
light_mask = 0
material = SubResource( 2 )
rotation = 0.261799
scale = Vector2( 0.5, 0.666665 )
texture = ExtResource( 4 )
hframes = 6

[node name="Sound" type="AudioStreamPlayer2D" parent="."]
stream = ExtResource( 5 )
attenuation = 0.0
bus = "Sound"

[node name="Animation" type="AnimationPlayer" parent="."]
autoplay = "fly"
anims/fly = SubResource( 3 )
anims/impact = SubResource( 4 )

