[gd_scene load_steps=75 format=2]

[ext_resource path="res://scripts/menu/menu.gd" type="Script" id=1]
[ext_resource path="res://fonts/font_white_2.tres" type="BitmapFont" id=2]
[ext_resource path="res://theme.tres" type="Theme" id=3]
[ext_resource path="res://images/ui/panel_sub_d2.png" type="Texture" id=4]
[ext_resource path="res://images/ui/panel_menu_small.png" type="Texture" id=5]
[ext_resource path="res://images/ui/panel_sub.png" type="Texture" id=6]
[ext_resource path="res://images/ui/panel_sub_d.png" type="Texture" id=7]
[ext_resource path="res://images/ui/button_close_normal.png" type="Texture" id=8]
[ext_resource path="res://images/ui/button_close_pressed.png" type="Texture" id=9]
[ext_resource path="res://images/ui/button_close_hover.png" type="Texture" id=10]
[ext_resource path="res://images/ui/button_close_focus.png" type="Texture" id=11]
[ext_resource path="res://images/ui/panel_inventory.png" type="Texture" id=12]
[ext_resource path="res://images/ui/scroll_bar_hover.png" type="Texture" id=13]
[ext_resource path="res://images/ui/scroll_bar_normal.png" type="Texture" id=14]
[ext_resource path="res://images/ui/scroll_bar_pressed.png" type="Texture" id=15]
[ext_resource path="res://images/ui/panel_equipment.png" type="Texture" id=16]
[ext_resource path="res://images/ui/panel_item.png" type="Texture" id=17]
[ext_resource path="res://scripts/menu/slot_equipment.gd" type="Script" id=18]
[ext_resource path="res://scripts/menu/item_slots.gd" type="Script" id=19]
[ext_resource path="res://images/ui/item_slot.png" type="Texture" id=20]
[ext_resource path="res://fonts/font_yellow_2.tres" type="BitmapFont" id=21]
[ext_resource path="res://fonts/font_blue_2.tres" type="BitmapFont" id=22]
[ext_resource path="res://images/ui/h_scroll_bar_hover.png" type="Texture" id=23]
[ext_resource path="res://images/ui/h_scroll_bar_normal.png" type="Texture" id=24]
[ext_resource path="res://images/ui/h_scroll_bar_pressed.png" type="Texture" id=25]
[ext_resource path="res://scripts/menu/item_inventory.gd" type="Script" id=26]
[ext_resource path="res://fonts/font_green_2.tres" type="BitmapFont" id=27]
[ext_resource path="res://scripts/menu/equipment_unequip.gd" type="Script" id=28]
[ext_resource path="res://images/ui/panel_menu.png" type="Texture" id=29]
[ext_resource path="res://scripts/menu/item_shop.gd" type="Script" id=30]
[ext_resource path="res://scripts/menu/skill.gd" type="Script" id=31]
[ext_resource path="res://images/ui/button_hex_normal.png" type="Texture" id=32]
[ext_resource path="res://images/ui/button_hex_pressed.png" type="Texture" id=33]
[ext_resource path="res://images/ui/button_hex_hover.png" type="Texture" id=34]
[ext_resource path="res://images/ui/button_hex_focus.png" type="Texture" id=35]
[ext_resource path="res://scripts/menu/slot_view.gd" type="Script" id=36]
[ext_resource path="res://images/ui/panel_nc.png" type="Texture" id=37]
[ext_resource path="res://images/ui/icon_take_off_small.png" type="Texture" id=38]
[ext_resource path="res://images/lights/light_big.png" type="Texture" id=39]
[ext_resource path="res://images/planets/planet_n.png" type="Texture" id=40]
[ext_resource path="res://images/planets/glow_terran.png" type="Texture" id=41]
[ext_resource path="res://textures/planets/planet01_diffuse.png" type="Texture" id=42]
[ext_resource path="res://images/ui/panel_sub_t.png" type="Texture" id=43]
[ext_resource path="res://fonts/_bitmap_font____romulus_by_pix3m-d6aokem.ttf" type="DynamicFontData" id=44]

[sub_resource type="StyleBoxFlat" id=1]
bg_color = Color( 0, 0, 0, 1 )
corner_detail = 1
anti_aliasing = false

[sub_resource type="StyleBoxFlat" id=2]
bg_color = Color( 0.0627451, 0.0627451, 0.0627451, 0.25098 )
anti_aliasing = false

[sub_resource type="DynamicFont" id=23]
size = 32
extra_spacing_top = -2
extra_spacing_bottom = -4
font_data = ExtResource( 44 )

[sub_resource type="StyleBoxTexture" id=3]
texture = ExtResource( 4 )
region_rect = Rect2( 0, 0, 252, 272 )
margin_left = 80.0
margin_right = 80.0
margin_top = 68.0
margin_bottom = 68.0

[sub_resource type="StyleBoxTexture" id=4]
texture = ExtResource( 5 )
region_rect = Rect2( 0, 0, 260, 348 )
margin_left = 60.0
margin_right = 84.0
margin_top = 70.0
margin_bottom = 74.0
axis_stretch_horizontal = 1
axis_stretch_vertical = 1

[sub_resource type="StyleBoxTexture" id=5]
texture = ExtResource( 6 )
region_rect = Rect2( 0, 0, 194, 272 )
margin_left = 22.0
margin_right = 22.0
margin_top = 36.0
margin_bottom = 36.0

[sub_resource type="StyleBoxTexture" id=6]
texture = ExtResource( 7 )
region_rect = Rect2( 0, 0, 252, 272 )
margin_left = 80.0
margin_right = 80.0
margin_top = 68.0
margin_bottom = 68.0

[sub_resource type="StyleBoxTexture" id=7]
texture = ExtResource( 12 )
region_rect = Rect2( 0, 0, 290, 382 )
margin_left = 60.0
margin_right = 114.0
margin_top = 70.0
margin_bottom = 108.0
axis_stretch_horizontal = 1
axis_stretch_vertical = 1

[sub_resource type="StyleBoxTexture" id=8]
texture = ExtResource( 13 )
region_rect = Rect2( 0, 0, 28, 68 )
margin_left = 6.0
margin_right = 6.0
margin_top = 16.0
margin_bottom = 16.0
axis_stretch_vertical = 1

[sub_resource type="StyleBoxTexture" id=9]
texture = ExtResource( 14 )
region_rect = Rect2( 0, 0, 28, 68 )
margin_left = 6.0
margin_right = 6.0
margin_top = 16.0
margin_bottom = 16.0
axis_stretch_vertical = 1

[sub_resource type="StyleBoxEmpty" id=10]

[sub_resource type="StyleBoxTexture" id=11]
texture = ExtResource( 15 )
region_rect = Rect2( 0, 0, 28, 68 )
margin_left = 6.0
margin_right = 6.0
margin_top = 16.0
margin_bottom = 16.0
axis_stretch_vertical = 1

[sub_resource type="StyleBoxFlat" id=12]
bg_color = Color( 0.12549, 0.12549, 0.12549, 0.501961 )

[sub_resource type="StyleBoxTexture" id=13]
texture = ExtResource( 16 )
region_rect = Rect2( 0, 0, 290, 376 )
margin_left = 60.0
margin_right = 114.0
margin_top = 70.0
margin_bottom = 102.0
axis_stretch_horizontal = 1
axis_stretch_vertical = 1

[sub_resource type="StyleBoxFlat" id=14]
bg_color = Color( 1, 0, 0, 1 )

[sub_resource type="StyleBoxFlat" id=15]
bg_color = Color( 1, 0, 0, 1 )
draw_center = false
border_width_left = 2
border_width_top = 2
border_width_right = 2
border_width_bottom = 2
border_color = Color( 1, 0, 0, 1 )
corner_detail = 1

[sub_resource type="StyleBoxFlat" id=16]
bg_color = Color( 0.501961, 1, 0.25098, 1 )
border_width_left = 2
border_width_top = 2
border_width_right = 2
border_width_bottom = 2
border_color = Color( 0.8, 0.8, 0.8, 0 )
corner_detail = 1
anti_aliasing = false

[sub_resource type="StyleBoxFlat" id=17]
bg_color = Color( 0.25098, 0.25098, 0.25098, 1 )
border_width_left = 2
border_width_top = 2
border_width_right = 2
border_width_bottom = 2
border_color = Color( 1, 1, 1, 1 )
corner_detail = 1
anti_aliasing = false

[sub_resource type="StyleBoxTexture" id=18]
texture = ExtResource( 23 )
region_rect = Rect2( 0, 0, 76, 28 )
margin_left = 9.0
margin_right = 9.0
margin_top = 4.0
margin_bottom = 4.0

[sub_resource type="StyleBoxTexture" id=19]
texture = ExtResource( 24 )
region_rect = Rect2( 0, 0, 76, 28 )
margin_left = 9.0
margin_right = 9.0
margin_top = 4.0
margin_bottom = 4.0

[sub_resource type="StyleBoxTexture" id=20]
texture = ExtResource( 25 )
region_rect = Rect2( 0, 0, 76, 28 )
margin_left = 9.0
margin_right = 9.0
margin_top = 4.0
margin_bottom = 4.0

[sub_resource type="StyleBoxFlat" id=21]
content_margin_left = 24.0
bg_color = Color( 0.0627451, 0.25098, 0.376471, 1 )
border_width_left = 2
border_width_top = 2
border_width_right = 2
border_width_bottom = 2
corner_radius_top_left = 48
corner_detail = 1
anti_aliasing = false

[sub_resource type="StyleBoxTexture" id=22]
texture = ExtResource( 29 )
region_rect = Rect2( 0, 0, 290, 382 )
margin_left = 60.0
margin_right = 114.0
margin_top = 70.0
margin_bottom = 108.0
axis_stretch_horizontal = 1
axis_stretch_vertical = 1

[sub_resource type="StyleBoxTexture" id=30]
texture = ExtResource( 37 )
region_rect = Rect2( 0, 0, 376, 384 )
margin_left = 176.0
margin_right = 84.0
margin_top = 74.0
margin_bottom = 106.0
axis_stretch_horizontal = 1
axis_stretch_vertical = 1

[sub_resource type="Shader" id=24]
code = "shader_type canvas_item;
render_mode blend_add;

uniform sampler2D normal;

void fragment()
{
	vec3 norm = texture(TEXTURE,UV).rgb;
	NORMAL = vec3(norm.rg*vec2(2.0,-2.0)-vec2(1.0,-1.0),norm.b);
	NORMAL = 0.5*normalize(NORMAL);
	COLOR = texture(TEXTURE,UV);
}"

[sub_resource type="ShaderMaterial" id=25]
shader = SubResource( 24 )
shader_param/normal = ExtResource( 40 )

[sub_resource type="Shader" id=26]
code = "shader_type canvas_item;

uniform sampler2D tex;
uniform float scroll_speed = 0.1;

void fragment()
{
	vec4 tex2 = texture(TEXTURE,UV);
	vec3 norm = tex2.rgb;
	NORMAL = vec3(norm.rg*vec2(2.0,-2.0)-vec2(1.0,-1.0),norm.b);
	NORMAL *= 0.5*length(NORMAL);
	vec2 uv = vec2(0.5*NORMAL.x-scroll_speed*TIME,0.5+NORMAL.y);
	COLOR = texture(tex,uv);
	COLOR.rgb *= 0.5;
	COLOR.a = tex2.a;
}"

[sub_resource type="ShaderMaterial" id=27]
shader = SubResource( 26 )
shader_param/scroll_speed = 0.1
shader_param/tex = ExtResource( 42 )

[sub_resource type="StyleBoxTexture" id=28]
texture = ExtResource( 43 )
region_rect = Rect2( 0, 0, 252, 272 )
margin_left = 80.0
margin_right = 80.0
margin_top = 36.0
margin_bottom = 68.0

[sub_resource type="StyleBoxFlat" id=29]
content_margin_left = 16.0
bg_color = Color( 0.501961, 0.752941, 1, 1 )
border_width_left = 2
border_width_top = 2
border_width_right = 2
border_width_bottom = 2
corner_radius_top_left = 16
corner_detail = 1
anti_aliasing = false

[node name="Menu" type="CanvasLayer"]
layer = 125
script = ExtResource( 1 )

[node name="Background" type="Panel" parent="."]
visible = false
light_mask = 0
anchor_right = 1.0
anchor_bottom = 1.0
custom_styles/panel = SubResource( 1 )

[node name="Block" type="Panel" parent="."]
light_mask = 0
anchor_right = 1.0
anchor_bottom = 1.0
custom_styles/panel = SubResource( 2 )

[node name="Version" type="Label" parent="."]
anchor_left = 1.0
anchor_top = 1.0
anchor_right = 1.0
anchor_bottom = 1.0
margin_left = -260.0
margin_top = -36.0
margin_right = -4.0
margin_bottom = -4.0
custom_fonts/font = SubResource( 23 )
text = "v0.3"
align = 2
valign = 2
__meta__ = {
"_edit_use_anchors_": false
}

[node name="Panel" type="Panel" parent="."]
anchor_left = 1.0
anchor_top = 1.0
anchor_right = 1.0
anchor_bottom = 1.0
margin_left = -400.0
margin_top = -500.0
margin_right = -150.0
margin_bottom = -100.0
size_flags_horizontal = 2
size_flags_vertical = 2
theme = ExtResource( 3 )
custom_styles/panel = SubResource( 3 )
__meta__ = {
"_edit_use_anchors_": false
}

[node name="Label" type="Label" parent="Panel"]
light_mask = 0
anchor_right = 1.0
margin_left = 78.0
margin_top = 4.0
margin_right = -20.0
margin_bottom = 34.0
text = "MENU"
align = 1
valign = 1

[node name="VBoxContainer" type="VBoxContainer" parent="Panel"]
anchor_right = 1.0
anchor_bottom = 1.0
margin_left = 22.0
margin_top = 38.0
margin_right = -22.0
margin_bottom = -38.0
size_flags_horizontal = 2
size_flags_vertical = 2
custom_constants/separation = 4

[node name="Button5" type="Button" parent="Panel/VBoxContainer"]
visible = false
light_mask = 0
margin_right = 206.0
margin_bottom = 35.0
rect_min_size = Vector2( 0, 24 )
size_flags_horizontal = 3
size_flags_vertical = 3
custom_constants/hseparation = 1
text = "CONTINUE"

[node name="Button1" type="Button" parent="Panel/VBoxContainer"]
light_mask = 0
margin_right = 206.0
margin_bottom = 61.0
rect_min_size = Vector2( 0, 24 )
size_flags_horizontal = 3
size_flags_vertical = 3
custom_constants/hseparation = 1
text = "NEW_GAME"

[node name="Button7" type="Button" parent="Panel/VBoxContainer"]
visible = false
light_mask = 0
margin_top = 46.0
margin_right = 206.0
margin_bottom = 88.0
rect_min_size = Vector2( 0, 24 )
size_flags_horizontal = 3
size_flags_vertical = 3
custom_constants/hseparation = 1
text = "SAVE"

[node name="Button2" type="Button" parent="Panel/VBoxContainer"]
light_mask = 0
margin_top = 65.0
margin_right = 206.0
margin_bottom = 127.0
rect_min_size = Vector2( 0, 24 )
size_flags_horizontal = 3
size_flags_vertical = 3
custom_constants/hseparation = 1
text = "CONTINUE"

[node name="Button3" type="Button" parent="Panel/VBoxContainer"]
light_mask = 0
margin_top = 131.0
margin_right = 206.0
margin_bottom = 192.0
rect_min_size = Vector2( 0, 24 )
size_flags_horizontal = 3
size_flags_vertical = 3
custom_constants/hseparation = 1
text = "OPTIONS"

[node name="Button6" type="Button" parent="Panel/VBoxContainer"]
light_mask = 0
margin_top = 196.0
margin_right = 206.0
margin_bottom = 258.0
rect_min_size = Vector2( 0, 24 )
size_flags_horizontal = 3
size_flags_vertical = 3
custom_constants/hseparation = 1
text = "CREDITS"

[node name="Button4" type="Button" parent="Panel/VBoxContainer"]
light_mask = 0
margin_top = 262.0
margin_right = 206.0
margin_bottom = 324.0
rect_min_size = Vector2( 0, 24 )
size_flags_horizontal = 3
size_flags_vertical = 3
custom_constants/hseparation = 1
text = "EXIT"

[node name="NewGame" type="Panel" parent="."]
visible = false
light_mask = 0
anchor_left = 0.5
anchor_top = 0.5
anchor_right = 0.5
anchor_bottom = 0.5
margin_left = -478.0
margin_top = -344.0
margin_right = 478.0
margin_bottom = 344.0
size_flags_horizontal = 2
size_flags_vertical = 2
theme = ExtResource( 3 )
custom_styles/panel = SubResource( 4 )
__meta__ = {
"_edit_use_anchors_": false
}

[node name="Button0" type="Button" parent="NewGame"]
visible = false
light_mask = 0
margin_left = 6.0
margin_top = 34.0
margin_right = 144.0
margin_bottom = 58.0
rect_min_size = Vector2( 0, 24 )
size_flags_horizontal = 3
size_flags_vertical = 0
custom_constants/hseparation = 1

[node name="Label" type="Label" parent="NewGame"]
light_mask = 0
anchor_right = 1.0
margin_left = 16.0
margin_top = 4.0
margin_right = -80.0
margin_bottom = 32.0
size_flags_horizontal = 2
size_flags_vertical = 0
text = "NEW_GAME"
align = 1
valign = 1
clip_text = true

[node name="Species" type="Panel" parent="NewGame"]
light_mask = 0
anchor_bottom = 1.0
margin_left = 4.0
margin_top = 36.0
margin_right = 228.0
margin_bottom = -40.0
size_flags_horizontal = 2
size_flags_vertical = 2
custom_styles/panel = SubResource( 5 )

[node name="Label" type="Label" parent="NewGame/Species"]
light_mask = 0
anchor_right = 1.0
margin_left = 16.0
margin_top = 4.0
margin_right = -16.0
margin_bottom = 32.0
size_flags_horizontal = 2
size_flags_vertical = 0
text = "SPECIES"
align = 1
valign = 1
clip_text = true

[node name="VBoxContainer" type="VBoxContainer" parent="NewGame/Species"]
light_mask = 0
anchor_right = 1.0
anchor_bottom = 1.0
margin_left = 6.0
margin_top = 36.0
margin_right = -6.0
margin_bottom = -36.0
size_flags_horizontal = 2
size_flags_vertical = 2

[node name="Class" type="Panel" parent="NewGame"]
light_mask = 0
anchor_bottom = 1.0
margin_left = 236.0
margin_top = 36.0
margin_right = 460.0
margin_bottom = -40.0
size_flags_horizontal = 2
size_flags_vertical = 2
custom_styles/panel = SubResource( 5 )

[node name="Label" type="Label" parent="NewGame/Class"]
light_mask = 0
anchor_right = 1.0
margin_left = 16.0
margin_top = 4.0
margin_right = -16.0
margin_bottom = 32.0
size_flags_horizontal = 2
size_flags_vertical = 0
text = "CLASS"
align = 1
valign = 1
clip_text = true

[node name="VBoxContainer" type="VBoxContainer" parent="NewGame/Class"]
light_mask = 0
anchor_right = 1.0
anchor_bottom = 1.0
margin_left = 6.0
margin_top = 36.0
margin_right = -6.0
margin_bottom = -36.0
size_flags_horizontal = 2
size_flags_vertical = 2

[node name="SpeciesDesc" type="Panel" parent="NewGame"]
anchor_right = 0.5
anchor_bottom = 0.5
margin_left = 468.0
margin_top = 36.0
margin_right = 266.0
margin_bottom = -2.0
custom_styles/panel = SubResource( 6 )

[node name="Title" type="Label" parent="NewGame/SpeciesDesc"]
light_mask = 0
anchor_right = 1.0
margin_left = 16.0
margin_top = 8.0
margin_right = -74.0
margin_bottom = 26.0
size_flags_horizontal = 2
size_flags_vertical = 0
text = "SPECIES"
align = 1
valign = 1
autowrap = true
clip_text = true

[node name="Label" type="Label" parent="NewGame/SpeciesDesc"]
light_mask = 0
anchor_right = 1.0
anchor_bottom = 1.0
margin_left = 6.0
margin_top = 38.0
margin_right = -6.0
margin_bottom = -38.0
size_flags_horizontal = 2
size_flags_vertical = 0
autowrap = true
clip_text = true

[node name="ClassDesc" type="Panel" parent="NewGame"]
anchor_left = 0.5
anchor_top = 0.5
anchor_right = 1.0
anchor_bottom = 1.0
margin_left = 74.0
margin_top = -2.0
margin_right = -4.0
margin_bottom = -40.0
custom_styles/panel = SubResource( 3 )

[node name="Title" type="Label" parent="NewGame/ClassDesc"]
light_mask = 0
anchor_right = 1.0
margin_left = 74.0
margin_top = 8.0
margin_right = -16.0
margin_bottom = 26.0
size_flags_horizontal = 2
size_flags_vertical = 0
text = "CLASS"
align = 1
valign = 1
autowrap = true
clip_text = true

[node name="Label" type="Label" parent="NewGame/ClassDesc"]
light_mask = 0
anchor_right = 1.0
anchor_bottom = 1.0
margin_left = 6.0
margin_top = 62.0
margin_right = -6.0
margin_bottom = -38.0
size_flags_horizontal = 2
size_flags_vertical = 0
autowrap = true
clip_text = true

[node name="Warning" type="Label" parent="NewGame/ClassDesc"]
light_mask = 0
anchor_top = 1.0
anchor_right = 1.0
anchor_bottom = 1.0
margin_left = 20.0
margin_top = -52.0
margin_right = -80.0
margin_bottom = -4.0
size_flags_horizontal = 2
size_flags_vertical = 0
custom_colors/font_color = Color( 0.752941, 0, 0, 1 )
text = "NOT_RECOMMENDED_FOR_NEW_PLAYERS"
align = 1
valign = 1
autowrap = true
clip_text = true

[node name="Name" type="Panel" parent="NewGame"]
light_mask = 0
anchor_left = 1.0
anchor_right = 1.0
margin_left = -206.0
margin_top = 70.0
margin_right = -5.99994
margin_bottom = 342.0
size_flags_horizontal = 3
size_flags_vertical = 3
custom_styles/panel = SubResource( 5 )

[node name="Label" type="Label" parent="NewGame/Name"]
light_mask = 0
anchor_right = 1.0
margin_left = 16.0
margin_top = 4.0
margin_right = -16.0
margin_bottom = 32.0
size_flags_horizontal = 2
size_flags_vertical = 0
text = "NAME"
align = 1
valign = 1
clip_text = true

[node name="LineEdit" type="LineEdit" parent="NewGame/Name"]
anchor_right = 1.0
margin_left = 6.0
margin_top = 36.0
margin_right = -6.0
margin_bottom = 62.0
text = "PLAYER"

[node name="Overwritten" type="Label" parent="NewGame/Name"]
anchor_right = 1.0
margin_left = 6.0
margin_top = 68.0
margin_right = -6.0
margin_bottom = 132.0
rect_min_size = Vector2( 0, 64 )
focus_mode = 2
mouse_filter = 0
mouse_default_cursor_shape = 1
size_flags_vertical = 1
custom_colors/font_color = Color( 0.752941, 0, 0, 1 )
text = "OVERWRITTEN"
autowrap = true

[node name="Close" type="TextureButton" parent="NewGame"]
anchor_left = 1.0
anchor_right = 1.0
margin_left = -80.0
margin_top = 4.0
margin_right = -6.0
margin_bottom = 68.0
rect_min_size = Vector2( 74, 64 )
size_flags_horizontal = 2
size_flags_vertical = 2
texture_normal = ExtResource( 8 )
texture_pressed = ExtResource( 9 )
texture_hover = ExtResource( 10 )
texture_focused = ExtResource( 11 )
expand = true
stretch_mode = 5

[node name="HBoxContainer" type="HBoxContainer" parent="NewGame"]
anchor_top = 1.0
anchor_right = 1.0
anchor_bottom = 1.0
margin_left = 25.0
margin_top = -36.0
margin_right = -80.0
margin_bottom = -4.0
alignment = 2

[node name="Button3" type="Button" parent="NewGame/HBoxContainer"]
light_mask = 0
margin_left = 267.0
margin_right = 459.0
margin_bottom = 32.0
rect_min_size = Vector2( 192, 32 )
size_flags_horizontal = 0
size_flags_vertical = 3
custom_constants/hseparation = 1
text = "TUTORIAL"

[node name="Button2" type="Button" parent="NewGame/HBoxContainer"]
light_mask = 0
margin_left = 463.0
margin_right = 655.0
margin_bottom = 32.0
rect_min_size = Vector2( 192, 32 )
size_flags_horizontal = 0
size_flags_vertical = 3
custom_constants/hseparation = 1
text = "START"

[node name="Button1" type="Button" parent="NewGame/HBoxContainer"]
light_mask = 0
margin_left = 659.0
margin_right = 851.0
margin_bottom = 32.0
rect_min_size = Vector2( 192, 32 )
size_flags_horizontal = 0
size_flags_vertical = 3
custom_constants/hseparation = 1
text = "BACK"

[node name="Options" type="Panel" parent="."]
visible = false
light_mask = 0
anchor_left = 0.5
anchor_top = 0.5
anchor_right = 0.5
anchor_bottom = 0.5
margin_left = -493.0
margin_top = -361.0
margin_right = 493.0
margin_bottom = 361.0
size_flags_horizontal = 2
size_flags_vertical = 2
theme = ExtResource( 3 )
custom_styles/panel = SubResource( 7 )

[node name="Label" type="Label" parent="Options"]
light_mask = 0
anchor_right = 1.0
margin_left = 16.0
margin_top = 4.0
margin_right = -110.0
margin_bottom = 32.0
size_flags_horizontal = 2
size_flags_vertical = 0
text = "OPTIONS"
align = 1
valign = 1
clip_text = true

[node name="ScrollContainer" type="ScrollContainer" parent="Options"]
anchor_right = 1.0
anchor_bottom = 1.0
margin_left = 4.0
margin_top = 36.0
margin_right = -34.0
margin_bottom = -40.0
theme = ExtResource( 3 )
scroll_horizontal_enabled = false

[node name="Control" type="Control" parent="Options/ScrollContainer"]
margin_right = 948.0
margin_bottom = 646.0
size_flags_horizontal = 3
size_flags_vertical = 3

[node name="Video" type="Panel" parent="Options/ScrollContainer/Control"]
light_mask = 0
margin_right = 426.0
margin_bottom = 136.0
rect_min_size = Vector2( 0, 136 )
custom_styles/panel = SubResource( 5 )

[node name="Label" type="Label" parent="Options/ScrollContainer/Control/Video"]
light_mask = 0
anchor_right = 1.0
margin_left = 18.0
margin_top = 4.0
margin_right = -18.0
margin_bottom = 32.0
size_flags_horizontal = 2
size_flags_vertical = 0
text = "VIDEO"
align = 1
valign = 1
clip_text = true

[node name="CheckBox" type="CheckBox" parent="Options/ScrollContainer/Control/Video"]
anchor_right = 0.5
margin_left = 6.0
margin_top = 34.0
margin_right = -2.0
margin_bottom = 66.0
size_flags_horizontal = 3
size_flags_vertical = 3
text = "FULLSCREEN"

[node name="VBoxContainer" type="HBoxContainer" parent="Options/ScrollContainer/Control/Video"]
light_mask = 0
anchor_right = 1.0
margin_left = 6.0
margin_top = 68.0
margin_right = -6.0
margin_bottom = 100.0
size_flags_horizontal = 2
size_flags_vertical = 2

[node name="LabelX" type="Label" parent="Options/ScrollContainer/Control/Video/VBoxContainer"]
margin_top = 5.0
margin_right = 18.0
margin_bottom = 27.0
text = "X"

[node name="SpinBoxX" type="SpinBox" parent="Options/ScrollContainer/Control/Video/VBoxContainer"]
margin_left = 22.0
margin_right = 205.0
margin_bottom = 32.0
size_flags_horizontal = 3
size_flags_vertical = 3
min_value = 800.0
max_value = 4096.0
value = 1024.0
suffix = "px"

[node name="LabelY" type="Label" parent="Options/ScrollContainer/Control/Video/VBoxContainer"]
margin_left = 209.0
margin_top = 5.0
margin_right = 227.0
margin_bottom = 27.0
text = "Y"

[node name="SpinBoxY" type="SpinBox" parent="Options/ScrollContainer/Control/Video/VBoxContainer"]
margin_left = 231.0
margin_right = 414.0
margin_bottom = 32.0
size_flags_horizontal = 3
size_flags_vertical = 3
min_value = 600.0
max_value = 4096.0
value = 768.0
suffix = "px"

[node name="Audio" type="Panel" parent="Options/ScrollContainer/Control"]
light_mask = 0
margin_left = 464.0
margin_right = 890.0
margin_bottom = 136.0
rect_min_size = Vector2( 0, 136 )
custom_styles/panel = SubResource( 5 )

[node name="Label" type="Label" parent="Options/ScrollContainer/Control/Audio"]
light_mask = 0
anchor_right = 1.0
margin_left = 18.0
margin_top = 4.0
margin_right = -18.0
margin_bottom = 32.0
size_flags_horizontal = 2
size_flags_vertical = 0
text = "AUDIO"
align = 1
valign = 1
clip_text = true

[node name="Music" type="CheckBox" parent="Options/ScrollContainer/Control/Audio"]
anchor_right = 0.5
margin_left = 6.0
margin_top = 34.0
margin_right = -2.0
margin_bottom = 66.0
rect_min_size = Vector2( 0, 32 )
size_flags_horizontal = 3
size_flags_vertical = 3
text = "MUSIC"

[node name="Sound" type="CheckBox" parent="Options/ScrollContainer/Control/Audio"]
anchor_left = 0.5
anchor_right = 1.0
margin_left = 2.0
margin_top = 34.0
margin_right = -6.0
margin_bottom = 66.0
rect_min_size = Vector2( 0, 32 )
size_flags_horizontal = 3
size_flags_vertical = 3
text = "SOUND"

[node name="VBoxContainer" type="VBoxContainer" parent="Options/ScrollContainer/Control/Audio"]
anchor_right = 1.0
anchor_bottom = 1.0
margin_left = 16.0
margin_top = 68.0
margin_right = -16.0
margin_bottom = -6.0
size_flags_horizontal = 3
size_flags_vertical = 3

[node name="Music" type="HBoxContainer" parent="Options/ScrollContainer/Control/Audio/VBoxContainer"]
light_mask = 0
margin_right = 404.0
margin_bottom = 29.0
size_flags_horizontal = 3
size_flags_vertical = 3

[node name="Label" type="Label" parent="Options/ScrollContainer/Control/Audio/VBoxContainer/Music"]
margin_top = 3.0
margin_right = 220.0
margin_bottom = 25.0
rect_min_size = Vector2( 220, 0 )
text = "MUSIC_VOLUME"

[node name="SpinBox" type="SpinBox" parent="Options/ScrollContainer/Control/Audio/VBoxContainer/Music"]
margin_left = 224.0
margin_right = 404.0
margin_bottom = 29.0
size_flags_horizontal = 3
size_flags_vertical = 3
value = 100.0

[node name="Sound" type="HBoxContainer" parent="Options/ScrollContainer/Control/Audio/VBoxContainer"]
light_mask = 0
margin_top = 33.0
margin_right = 404.0
margin_bottom = 62.0
size_flags_horizontal = 3
size_flags_vertical = 3

[node name="Label" type="Label" parent="Options/ScrollContainer/Control/Audio/VBoxContainer/Sound"]
margin_top = 3.0
margin_right = 220.0
margin_bottom = 25.0
rect_min_size = Vector2( 220, 0 )
text = "SOUND_VOLUME"

[node name="SpinBox" type="SpinBox" parent="Options/ScrollContainer/Control/Audio/VBoxContainer/Sound"]
margin_left = 224.0
margin_right = 404.0
margin_bottom = 29.0
size_flags_horizontal = 3
size_flags_vertical = 3
value = 100.0

[node name="Language" type="Panel" parent="Options/ScrollContainer/Control"]
light_mask = 0
margin_top = 136.0
margin_right = 426.0
margin_bottom = 272.0
rect_min_size = Vector2( 0, 136 )
custom_styles/panel = SubResource( 5 )

[node name="Label" type="Label" parent="Options/ScrollContainer/Control/Language"]
light_mask = 0
anchor_right = 1.0
margin_left = 18.0
margin_top = 4.0
margin_right = -18.0
margin_bottom = 32.0
size_flags_horizontal = 2
size_flags_vertical = 0
text = "LANGUAGE"
align = 1
valign = 1
clip_text = true

[node name="HBoxContainer" type="HBoxContainer" parent="Options/ScrollContainer/Control/Language"]
anchor_right = 1.0
anchor_bottom = 1.0
margin_left = 6.0
margin_top = 34.0
margin_right = -6.0
margin_bottom = -70.0
rect_min_size = Vector2( 0, 32 )
size_flags_horizontal = 3
size_flags_vertical = 3

[node name="Label" type="Label" parent="Options/ScrollContainer/Control/Language/HBoxContainer"]
margin_top = 5.0
margin_right = 130.0
margin_bottom = 27.0
text = "LANGUAGE"

[node name="OptionButton" type="OptionButton" parent="Options/ScrollContainer/Control/Language/HBoxContainer"]
margin_left = 134.0
margin_right = 326.0
margin_bottom = 32.0
rect_min_size = Vector2( 192, 0 )

[node name="Controls" type="Panel" parent="Options/ScrollContainer/Control"]
light_mask = 0
anchor_right = 1.0
margin_top = 272.0
margin_bottom = 646.0
rect_min_size = Vector2( 0, 136 )
custom_styles/panel = SubResource( 6 )

[node name="Label" type="Label" parent="Options/ScrollContainer/Control/Controls"]
light_mask = 0
anchor_right = 1.0
margin_left = 18.0
margin_top = 4.0
margin_right = -18.0
margin_bottom = 32.0
size_flags_horizontal = 2
size_flags_vertical = 0
text = "CONTROLS"
align = 1
valign = 1
clip_text = true

[node name="VBoxContainer" type="VBoxContainer" parent="Options/ScrollContainer/Control/Controls"]
anchor_right = 1.0
anchor_bottom = 1.0
margin_left = 6.0
margin_top = 32.0
margin_right = -6.0
margin_bottom = -48.0
size_flags_horizontal = 3
size_flags_vertical = 3
custom_constants/separation = 2

[node name="Action" type="HBoxContainer" parent="Options/ScrollContainer/Control/Controls/VBoxContainer"]
visible = false
margin_right = 936.0
margin_bottom = 24.0
rect_min_size = Vector2( 0, 24 )
size_flags_horizontal = 3
size_flags_vertical = 0
custom_constants/separation = 2

[node name="Label" type="Label" parent="Options/ScrollContainer/Control/Controls/VBoxContainer/Action"]
margin_top = 4.0
margin_right = 192.0
margin_bottom = 19.0
rect_min_size = Vector2( 192, 0 )
text = "ACTION"

[node name="ButtonAdd" type="Button" parent="Options/ScrollContainer/Control/Controls/VBoxContainer/Action"]
margin_left = 194.0
margin_right = 250.0
margin_bottom = 24.0
text = "ADD"

[node name="VScrollBar" type="VScrollBar" parent="Options"]
anchor_left = 1.0
anchor_right = 1.0
anchor_bottom = 1.0
margin_left = -32.0
margin_top = 42.0
margin_right = -4.0
margin_bottom = -24.0
custom_styles/grabber_highlight = SubResource( 8 )
custom_styles/grabber = SubResource( 9 )
custom_styles/scroll = SubResource( 10 )
custom_styles/grabber_pressed = SubResource( 11 )

[node name="HBoxContainer" type="HBoxContainer" parent="Options"]
anchor_top = 1.0
anchor_right = 1.0
anchor_bottom = 1.0
margin_left = 24.0
margin_top = -34.0
margin_right = -110.0
margin_bottom = -6.0

[node name="Button1" type="Button" parent="Options/HBoxContainer"]
margin_right = 281.0
margin_bottom = 28.0
size_flags_horizontal = 3
size_flags_vertical = 3
text = "OK"

[node name="Button2" type="Button" parent="Options/HBoxContainer"]
margin_left = 285.0
margin_right = 566.0
margin_bottom = 28.0
size_flags_horizontal = 3
size_flags_vertical = 3
text = "APPLY"

[node name="Button3" type="Button" parent="Options/HBoxContainer"]
margin_left = 570.0
margin_right = 852.0
margin_bottom = 28.0
size_flags_horizontal = 3
size_flags_vertical = 3
text = "CANCEL"

[node name="Close" type="TextureButton" parent="Options"]
anchor_left = 1.0
anchor_right = 1.0
margin_left = -110.0
margin_top = 4.0
margin_right = -36.0
margin_bottom = 68.0
rect_min_size = Vector2( 74, 64 )
size_flags_horizontal = 2
size_flags_vertical = 2
texture_normal = ExtResource( 8 )
texture_pressed = ExtResource( 9 )
texture_hover = ExtResource( 10 )
texture_focused = ExtResource( 11 )
expand = true
stretch_mode = 5

[node name="AddKey" type="Panel" parent="Options"]
visible = false
light_mask = 0
anchor_right = 1.0
anchor_bottom = 1.0
custom_styles/panel = SubResource( 12 )

[node name="Panel" type="Panel" parent="Options/AddKey"]
light_mask = 0
anchor_left = 0.5
anchor_top = 0.5
anchor_right = 0.5
anchor_bottom = 0.5
margin_left = -200.0
margin_top = -125.0
margin_right = 176.0
margin_bottom = 87.0
custom_styles/panel = SubResource( 4 )

[node name="Title" type="Label" parent="Options/AddKey/Panel"]
light_mask = 0
anchor_right = 1.0
margin_left = 16.0
margin_top = 4.0
margin_right = -80.0
margin_bottom = 32.0
size_flags_horizontal = 2
size_flags_vertical = 0
text = "ADD_KEY"
align = 1
valign = 1
clip_text = true

[node name="Label" type="Label" parent="Options/AddKey/Panel"]
anchor_right = 1.0
margin_left = 6.0
margin_top = 38.0
margin_right = -76.0
margin_bottom = 56.0
text = "ACTION"
align = 1
valign = 1

[node name="LabelPressed" type="Label" parent="Options/AddKey/Panel"]
anchor_right = 1.0
anchor_bottom = 1.0
margin_left = 6.0
margin_top = 58.0
margin_right = -6.0
margin_bottom = -42.0
text = "PRESS_ANY_KEY"
align = 1
valign = 1

[node name="Close" type="TextureButton" parent="Options/AddKey/Panel"]
anchor_left = 1.0
anchor_right = 1.0
margin_left = -80.0
margin_top = 4.0
margin_right = -6.0
margin_bottom = 68.0
rect_min_size = Vector2( 74, 64 )
size_flags_horizontal = 2
size_flags_vertical = 2
texture_normal = ExtResource( 8 )
texture_pressed = ExtResource( 9 )
texture_hover = ExtResource( 10 )
texture_focused = ExtResource( 11 )
expand = true
stretch_mode = 5

[node name="HBoxContainer" type="HBoxContainer" parent="Options/AddKey/Panel"]
anchor_top = 1.0
anchor_right = 1.0
anchor_bottom = 1.0
margin_left = 22.0
margin_top = -34.0
margin_right = -64.0
margin_bottom = -6.0

[node name="Button1" type="Button" parent="Options/AddKey/Panel/HBoxContainer"]
margin_right = 143.0
margin_bottom = 28.0
size_flags_horizontal = 3
size_flags_vertical = 3
text = "OK"

[node name="Button2" type="Button" parent="Options/AddKey/Panel/HBoxContainer"]
margin_left = 147.0
margin_right = 290.0
margin_bottom = 28.0
size_flags_horizontal = 3
size_flags_vertical = 3
text = "CANCEL"

[node name="Credits" type="Panel" parent="."]
visible = false
light_mask = 0
anchor_left = 0.5
anchor_top = 0.5
anchor_right = 0.5
anchor_bottom = 0.5
margin_left = -419.0
margin_top = -310.0
margin_right = 419.0
margin_bottom = 310.0
size_flags_horizontal = 2
size_flags_vertical = 2
theme = ExtResource( 3 )
custom_styles/panel = SubResource( 4 )

[node name="Text" type="RichTextLabel" parent="Credits"]
anchor_right = 1.0
anchor_bottom = 1.0
margin_left = 6.0
margin_top = 38.0
margin_right = -6.0
margin_bottom = -42.0
bbcode_enabled = true

[node name="Label" type="Label" parent="Credits"]
light_mask = 0
anchor_right = 1.0
margin_left = 16.0
margin_top = 4.0
margin_right = -110.0
margin_bottom = 32.0
size_flags_horizontal = 2
size_flags_vertical = 0
text = "CREDITS"
align = 1
valign = 1
clip_text = true

[node name="Close" type="TextureButton" parent="Credits"]
anchor_left = 1.0
anchor_right = 1.0
margin_left = -80.0
margin_top = 4.0
margin_right = -6.0
margin_bottom = 68.0
rect_min_size = Vector2( 74, 64 )
size_flags_horizontal = 2
size_flags_vertical = 2
texture_normal = ExtResource( 8 )
texture_pressed = ExtResource( 9 )
texture_hover = ExtResource( 10 )
texture_focused = ExtResource( 11 )
expand = true
stretch_mode = 5

[node name="Equipment" type="Panel" parent="."]
visible = false
light_mask = 0
anchor_left = 1.0
anchor_right = 1.0
anchor_bottom = 1.0
margin_left = -850.0
margin_top = 25.0
margin_right = -328.0
margin_bottom = -26.0
size_flags_horizontal = 2
size_flags_vertical = 2
theme = ExtResource( 3 )
custom_styles/panel = SubResource( 13 )
__meta__ = {
"_edit_use_anchors_": false
}

[node name="Item0" type="HBoxContainer" parent="Equipment"]
light_mask = 0
margin_left = 285.0
margin_top = 33.0
margin_right = 359.0
margin_bottom = 97.0
rect_min_size = Vector2( 60, 52 )
mouse_filter = 2
size_flags_horizontal = 2
size_flags_vertical = 0
custom_constants/separation = 0
__meta__ = {
"_edit_use_anchors_": false
}

[node name="Control" type="Control" parent="Equipment/Item0"]
light_mask = 0
margin_bottom = 64.0
mouse_filter = 2
size_flags_horizontal = 2
size_flags_vertical = 3

[node name="Panel" type="TextureRect" parent="Equipment/Item0"]
light_mask = 0
margin_right = 74.0
margin_bottom = 64.0
rect_min_size = Vector2( 74, 64 )
mouse_filter = 0
size_flags_horizontal = 2
size_flags_vertical = 2
texture = ExtResource( 17 )
stretch_mode = 6
script = ExtResource( 18 )

[node name="Icon" type="TextureRect" parent="Equipment/Item0/Panel"]
light_mask = 0
anchor_right = 1.0
anchor_bottom = 1.0
margin_left = 13.0
margin_top = 8.0
margin_right = -13.0
margin_bottom = -8.0
mouse_filter = 2
size_flags_horizontal = 2
size_flags_vertical = 2
expand = true
stretch_mode = 6
__meta__ = {
"_edit_use_anchors_": false
}

[node name="Slots" type="Control" parent="Equipment/Item0/Panel"]
light_mask = 0
anchor_right = 1.0
anchor_bottom = 1.0
mouse_filter = 2
script = ExtResource( 19 )
__meta__ = {
"_edit_use_anchors_": false
}

[node name="Type" type="TextureRect" parent="Equipment/Item0/Panel"]
modulate = Color( 0.752941, 0.580392, 0.12549, 1 )
light_mask = 0
anchor_right = 1.0
anchor_bottom = 1.0
mouse_filter = 2
size_flags_horizontal = 2
size_flags_vertical = 2
texture = ExtResource( 20 )
expand = true
stretch_mode = 6

[node name="Level" type="Label" parent="Equipment/Item0/Panel"]
light_mask = 0
anchor_right = 1.0
margin_left = 16.0
margin_top = 3.0
margin_right = -16.0
margin_bottom = 24.0
size_flags_horizontal = 2
size_flags_vertical = 0
custom_fonts/font = ExtResource( 21 )
text = "Lv. 1"

[node name="Slot" type="Label" parent="Equipment/Item0/Panel"]
visible = false
light_mask = 0
anchor_top = 1.0
anchor_right = 1.0
anchor_bottom = 1.0
margin_left = 16.0
margin_top = -24.0
margin_right = -16.0
margin_bottom = -3.0
size_flags_horizontal = 2
size_flags_vertical = 0
custom_fonts/font = ExtResource( 22 )
text = "SLOT"
align = 2
valign = 2

[node name="Name" type="Label" parent="Equipment/Item0/Panel"]
visible = false
light_mask = 0
anchor_right = 1.0
anchor_bottom = 1.0
margin_left = 8.0
margin_top = 3.0
margin_right = -8.0
margin_bottom = -3.0
size_flags_horizontal = 2
size_flags_vertical = 0
custom_fonts/font = ExtResource( 2 )
text = "NAME"
align = 1
valign = 1
autowrap = true
__meta__ = {
"_edit_use_anchors_": false
}

[node name="Structure" type="ProgressBar" parent="Equipment/Item0/Panel"]
visible = false
modulate = Color( 1, 1, 1, 0.501961 )
light_mask = 0
anchor_top = 0.5
anchor_right = 1.0
anchor_bottom = 0.5
margin_left = 8.0
margin_top = -5.0
margin_right = -8.0
margin_bottom = 5.0
mouse_filter = 2
custom_styles/fg = SubResource( 14 )
custom_styles/bg = SubResource( 15 )
step = 1.0
value = 50.0
percent_visible = false

[node name="Panel" type="Panel" parent="Equipment"]
anchor_top = 1.0
anchor_bottom = 1.0
margin_left = 4.0
margin_top = -477.0
margin_right = 256.0
margin_bottom = -34.0
mouse_filter = 2
custom_styles/panel = SubResource( 6 )
__meta__ = {
"_edit_use_anchors_": false
}

[node name="Label" type="Label" parent="Equipment/Panel"]
light_mask = 0
anchor_right = 1.0
margin_left = 18.0
margin_top = 4.0
margin_right = -76.0
margin_bottom = 32.0
size_flags_horizontal = 2
size_flags_vertical = 0
text = "STATS"
align = 1
valign = 1
autowrap = true
clip_text = true

[node name="Points" type="Label" parent="Equipment/Panel"]
light_mask = 0
anchor_top = 1.0
anchor_right = 1.0
anchor_bottom = 1.0
margin_left = 70.0
margin_top = -61.0
margin_right = -12.0
margin_bottom = -6.0
size_flags_horizontal = 2
size_flags_vertical = 0
text = "SKILL_POINTS: 0
STAT_POINTS: 0"
align = 1
valign = 2
autowrap = true
clip_text = true
__meta__ = {
"_edit_use_anchors_": false
}

[node name="Text" type="Label" parent="Equipment/Panel"]
light_mask = 0
anchor_right = 1.0
anchor_bottom = 1.0
margin_left = 6.0
margin_top = 32.0
margin_right = -6.0
margin_bottom = -56.0
size_flags_horizontal = 2
size_flags_vertical = 0
valign = 2
autowrap = true
clip_text = true

[node name="VBoxContainer" type="VBoxContainer" parent="Equipment"]
light_mask = 0
anchor_right = 0.5
margin_left = 5.0
margin_top = 35.0
margin_right = -81.0
margin_bottom = 240.0
mouse_filter = 2
size_flags_horizontal = 2
size_flags_vertical = 0

[node name="Label" type="Label" parent="Equipment/VBoxContainer"]
margin_right = 175.0
margin_bottom = 64.0
rect_min_size = Vector2( 0, 64 )
size_flags_horizontal = 3
text = "LVL"
autowrap = true
clip_text = true

[node name="Exp" type="ProgressBar" parent="Equipment/VBoxContainer"]
margin_top = 68.0
margin_right = 175.0
margin_bottom = 92.0
rect_min_size = Vector2( 0, 24 )
mouse_filter = 2
custom_styles/fg = SubResource( 16 )
custom_styles/bg = SubResource( 17 )
step = 1.0
value = 50.0
percent_visible = false

[node name="Label" type="Label" parent="Equipment/VBoxContainer/Exp"]
anchor_right = 1.0
anchor_bottom = 1.0
text = "EXP"
align = 1
valign = 1
__meta__ = {
"_edit_use_anchors_": false
}

[node name="ScrollContainer" type="ScrollContainer" parent="Equipment"]
light_mask = 0
anchor_left = 0.5
anchor_right = 1.0
anchor_bottom = 1.0
margin_left = -81.0
margin_top = 38.0
margin_right = -36.0
margin_bottom = -36.0
mouse_filter = 2
size_flags_horizontal = 2
size_flags_vertical = 2
__meta__ = {
"_edit_use_anchors_": false
}

[node name="VBoxContainer" type="VBoxContainer" parent="Equipment/ScrollContainer"]
light_mask = 0
margin_right = 306.0
margin_bottom = 643.0
rect_min_size = Vector2( 60, 0 )
mouse_filter = 2
size_flags_horizontal = 3
size_flags_vertical = 3
custom_constants/separation = -29

[node name="Label" type="Label" parent="Equipment"]
light_mask = 0
anchor_right = 1.0
margin_left = 16.0
margin_top = 4.0
margin_right = -110.0
margin_bottom = 32.0
size_flags_horizontal = 2
size_flags_vertical = 0
text = "EQUIPMENT"
align = 1
valign = 1
clip_text = true

[node name="VScrollBar" type="VScrollBar" parent="Equipment"]
anchor_left = 1.0
anchor_right = 1.0
anchor_bottom = 1.0
margin_left = -32.0
margin_top = 42.0
margin_right = -4.0
margin_bottom = -18.0
custom_styles/grabber_highlight = SubResource( 8 )
custom_styles/grabber = SubResource( 9 )
custom_styles/scroll = SubResource( 10 )
custom_styles/grabber_pressed = SubResource( 11 )

[node name="HScrollBar" type="HScrollBar" parent="Equipment"]
anchor_top = 1.0
anchor_right = 1.0
anchor_bottom = 1.0
margin_left = 6.0
margin_top = -32.0
margin_right = -36.0
margin_bottom = -4.0
custom_styles/grabber_highlight = SubResource( 18 )
custom_styles/grabber = SubResource( 19 )
custom_styles/scroll = SubResource( 10 )
custom_styles/grabber_pressed = SubResource( 20 )

[node name="Close" type="TextureButton" parent="Equipment"]
anchor_left = 1.0
anchor_right = 1.0
margin_left = -110.0
margin_top = 4.0
margin_right = -36.0
margin_bottom = 68.0
rect_min_size = Vector2( 74, 64 )
size_flags_horizontal = 2
size_flags_vertical = 2
texture_normal = ExtResource( 8 )
texture_pressed = ExtResource( 9 )
texture_hover = ExtResource( 10 )
texture_focused = ExtResource( 11 )
expand = true
stretch_mode = 5

[node name="Inventory" type="Panel" parent="."]
visible = false
anchor_left = 1.0
anchor_right = 1.0
anchor_bottom = 1.0
margin_left = -315.0
margin_top = 100.0
margin_right = -25.0
margin_bottom = -82.0
size_flags_horizontal = 2
size_flags_vertical = 2
theme = ExtResource( 3 )
custom_styles/panel = SubResource( 7 )
__meta__ = {
"_edit_use_anchors_": false
}

[node name="Item0" type="VBoxContainer" parent="Inventory"]
visible = false
margin_top = 32.0
margin_right = 74.0
margin_bottom = 96.0
mouse_filter = 2
size_flags_horizontal = 0
size_flags_vertical = 0
custom_constants/separation = 0

[node name="Spacing" type="Control" parent="Inventory/Item0"]
margin_right = 74.0
mouse_filter = 2

[node name="Panel" type="TextureRect" parent="Inventory/Item0"]
light_mask = 0
margin_right = 74.0
margin_bottom = 64.0
rect_min_size = Vector2( 74, 64 )
mouse_filter = 0
texture = ExtResource( 17 )
stretch_mode = 6
script = ExtResource( 26 )

[node name="Icon" type="TextureRect" parent="Inventory/Item0/Panel"]
light_mask = 0
anchor_right = 1.0
anchor_bottom = 1.0
margin_left = 13.0
margin_top = 8.0
margin_right = -13.0
margin_bottom = -8.0
mouse_filter = 2
size_flags_horizontal = 2
size_flags_vertical = 2
expand = true
stretch_mode = 6

[node name="Slots" type="Control" parent="Inventory/Item0/Panel"]
light_mask = 0
anchor_right = 1.0
anchor_bottom = 1.0
mouse_filter = 2
script = ExtResource( 19 )
__meta__ = {
"_edit_use_anchors_": false
}

[node name="Type" type="TextureRect" parent="Inventory/Item0/Panel"]
modulate = Color( 0.752941, 0.580392, 0.12549, 1 )
light_mask = 0
anchor_right = 1.0
anchor_bottom = 1.0
mouse_filter = 2
size_flags_horizontal = 2
size_flags_vertical = 2
texture = ExtResource( 20 )
expand = true
stretch_mode = 6

[node name="Price" type="Label" parent="Inventory/Item0/Panel"]
visible = false
anchor_right = 1.0
anchor_bottom = 1.0
margin_left = 16.0
margin_top = 3.0
margin_right = -16.0
margin_bottom = -3.0
size_flags_horizontal = 2
size_flags_vertical = 0
custom_fonts/font = ExtResource( 2 )
text = "0"
align = 1
valign = 1

[node name="Level" type="Label" parent="Inventory/Item0/Panel"]
light_mask = 0
anchor_right = 1.0
anchor_bottom = 1.0
margin_left = 16.0
margin_top = 3.0
margin_right = -16.0
margin_bottom = -3.0
size_flags_horizontal = 2
size_flags_vertical = 0
custom_fonts/font = ExtResource( 21 )
text = "Lv. 1"

[node name="Amount" type="Label" parent="Inventory/Item0/Panel"]
anchor_right = 1.0
anchor_bottom = 1.0
margin_left = 16.0
margin_top = 3.0
margin_right = -16.0
margin_bottom = -3.0
size_flags_horizontal = 2
size_flags_vertical = 0
custom_fonts/font = ExtResource( 27 )
text = "0x"
align = 2
valign = 2

[node name="Structure" type="ProgressBar" parent="Inventory/Item0/Panel"]
visible = false
modulate = Color( 1, 1, 1, 0.501961 )
light_mask = 0
anchor_top = 0.5
anchor_right = 1.0
anchor_bottom = 0.5
margin_left = 8.0
margin_top = -5.0
margin_right = -8.0
margin_bottom = 5.0
mouse_filter = 2
custom_styles/fg = SubResource( 14 )
custom_styles/bg = SubResource( 15 )
step = 1.0
value = 50.0
percent_visible = false

[node name="Label" type="Label" parent="Inventory"]
light_mask = 0
anchor_right = 1.0
margin_left = 16.0
margin_top = 4.0
margin_right = -110.0
margin_bottom = 32.0
size_flags_horizontal = 2
size_flags_vertical = 0
text = "INVENTORY"
align = 1
valign = 1
clip_text = true

[node name="Mass" type="Label" parent="Inventory"]
light_mask = 0
anchor_top = 1.0
anchor_right = 1.0
anchor_bottom = 1.0
margin_left = 14.0
margin_top = -36.0
margin_right = -100.0
margin_bottom = -4.0
size_flags_horizontal = 2
size_flags_vertical = 0
text = "0kg / 0kg"
align = 1
valign = 1
clip_text = true

[node name="ScrollContainer" type="ScrollContainer" parent="Inventory"]
anchor_right = 1.0
anchor_bottom = 1.0
margin_left = 6.0
margin_top = 38.0
margin_right = -36.0
margin_bottom = -42.0
size_flags_horizontal = 2
size_flags_vertical = 2
scroll_horizontal_enabled = false
script = ExtResource( 28 )

[node name="GridContainer" type="GridContainer" parent="Inventory/ScrollContainer"]
margin_right = 248.0
mouse_filter = 2
size_flags_horizontal = 3
size_flags_vertical = 2
custom_constants/vseparation = -30
custom_constants/hseparation = -16
columns = 4

[node name="Close" type="TextureButton" parent="Inventory"]
anchor_left = 1.0
anchor_right = 1.0
margin_left = -110.0
margin_top = 4.0
margin_right = -36.0
margin_bottom = 68.0
rect_min_size = Vector2( 74, 64 )
size_flags_horizontal = 2
size_flags_vertical = 2
texture_normal = ExtResource( 8 )
texture_pressed = ExtResource( 9 )
texture_hover = ExtResource( 10 )
texture_focused = ExtResource( 11 )
expand = true
stretch_mode = 5

[node name="VScrollBar" type="VScrollBar" parent="Inventory"]
anchor_left = 1.0
anchor_right = 1.0
anchor_bottom = 1.0
margin_left = -32.0
margin_top = 42.0
margin_right = -4.0
margin_bottom = -24.0
custom_styles/grabber_highlight = SubResource( 8 )
custom_styles/grabber = SubResource( 9 )
custom_styles/scroll = SubResource( 10 )
custom_styles/grabber_pressed = SubResource( 11 )

[node name="PopupItem" type="Popup" parent="Inventory"]
margin_left = 5.0
margin_top = 33.0
margin_right = 197.0
margin_bottom = 145.0
rect_min_size = Vector2( 320, 128 )
size_flags_horizontal = 0
size_flags_vertical = 0

[node name="VBoxContainer" type="VBoxContainer" parent="Inventory/PopupItem"]
anchor_right = 1.0
anchor_bottom = 1.0
size_flags_horizontal = 3
size_flags_vertical = 3
custom_constants/separation = 0

[node name="Panel" type="Panel" parent="Inventory/PopupItem/VBoxContainer"]
margin_right = 320.0
margin_bottom = 50.0
size_flags_horizontal = 3
size_flags_vertical = 3
custom_styles/panel = SubResource( 21 )

[node name="Label" type="Label" parent="Inventory/PopupItem/VBoxContainer/Panel"]
anchor_right = 1.0
anchor_bottom = 1.0
margin_left = 32.0
size_flags_horizontal = 3
size_flags_vertical = 3
text = "ITEM
123"
valign = 1
autowrap = true

[node name="ButtonU" type="Button" parent="Inventory/PopupItem/VBoxContainer"]
visible = false
light_mask = 0
margin_top = 18.0
margin_right = 128.0
margin_bottom = 42.0
rect_min_size = Vector2( 0, 24 )
size_flags_horizontal = 3
custom_constants/hseparation = 1
text = "USE"

[node name="ButtonE" type="MenuButton" parent="Inventory/PopupItem/VBoxContainer"]
light_mask = 0
margin_top = 50.0
margin_right = 320.0
margin_bottom = 76.0
rect_min_size = Vector2( 0, 24 )
focus_mode = 2
size_flags_horizontal = 3
custom_constants/hseparation = 1
text = "EQUIP"
flat = false

[node name="ButtonS" type="Button" parent="Inventory/PopupItem/VBoxContainer"]
light_mask = 0
margin_top = 76.0
margin_right = 320.0
margin_bottom = 102.0
rect_min_size = Vector2( 0, 24 )
size_flags_horizontal = 3
custom_constants/hseparation = 1
text = "SELL"

[node name="ButtonD" type="Button" parent="Inventory/PopupItem/VBoxContainer"]
light_mask = 0
margin_top = 102.0
margin_right = 320.0
margin_bottom = 128.0
rect_min_size = Vector2( 0, 24 )
size_flags_horizontal = 3
custom_constants/hseparation = 1
text = "DROP"

[node name="Shop" type="Panel" parent="."]
visible = false
anchor_bottom = 1.0
margin_left = 25.0
margin_top = 100.0
margin_right = 315.0
margin_bottom = -82.0
size_flags_horizontal = 2
size_flags_vertical = 2
theme = ExtResource( 3 )
custom_styles/panel = SubResource( 22 )

[node name="Item0" type="VBoxContainer" parent="Shop"]
visible = false
margin_top = 32.0
margin_right = 74.0
margin_bottom = 96.0
mouse_filter = 2
size_flags_horizontal = 0
size_flags_vertical = 0
custom_constants/separation = 0

[node name="Spacing" type="Control" parent="Shop/Item0"]
margin_right = 74.0
mouse_filter = 2

[node name="Panel" type="TextureRect" parent="Shop/Item0"]
light_mask = 0
margin_right = 74.0
margin_bottom = 64.0
rect_min_size = Vector2( 74, 64 )
size_flags_horizontal = 0
size_flags_vertical = 0
texture = ExtResource( 17 )
stretch_mode = 6
script = ExtResource( 30 )

[node name="Icon" type="TextureRect" parent="Shop/Item0/Panel"]
light_mask = 0
anchor_right = 1.0
anchor_bottom = 1.0
margin_left = 13.0
margin_top = 8.0
margin_right = -13.0
margin_bottom = -8.0
mouse_filter = 2
size_flags_horizontal = 2
size_flags_vertical = 2
expand = true
stretch_mode = 6

[node name="Slots" type="Control" parent="Shop/Item0/Panel"]
light_mask = 0
anchor_right = 1.0
anchor_bottom = 1.0
mouse_filter = 2
script = ExtResource( 19 )

[node name="Type" type="TextureRect" parent="Shop/Item0/Panel"]
modulate = Color( 0.752941, 0.580392, 0.12549, 1 )
light_mask = 0
anchor_right = 1.0
anchor_bottom = 1.0
mouse_filter = 2
size_flags_horizontal = 2
size_flags_vertical = 2
texture = ExtResource( 20 )
expand = true
stretch_mode = 6

[node name="Price" type="Label" parent="Shop/Item0/Panel"]
anchor_right = 1.0
anchor_bottom = 1.0
margin_left = 16.0
margin_top = 3.0
margin_right = -16.0
margin_bottom = -3.0
size_flags_horizontal = 2
size_flags_vertical = 0
custom_fonts/font = ExtResource( 2 )
text = "0"
align = 1
valign = 1

[node name="Level" type="Label" parent="Shop/Item0/Panel"]
light_mask = 0
anchor_right = 1.0
anchor_bottom = 1.0
margin_left = 16.0
margin_top = 3.0
margin_right = -16.0
margin_bottom = -3.0
size_flags_horizontal = 2
size_flags_vertical = 0
custom_fonts/font = ExtResource( 21 )
text = "Lv. 1"

[node name="Amount" type="Label" parent="Shop/Item0/Panel"]
anchor_right = 1.0
anchor_bottom = 1.0
margin_left = 16.0
margin_top = 3.0
margin_right = -16.0
margin_bottom = -3.0
size_flags_horizontal = 2
size_flags_vertical = 0
custom_fonts/font = ExtResource( 27 )
text = "0x"
align = 2
valign = 2

[node name="ScrollContainer" type="ScrollContainer" parent="Shop"]
anchor_right = 1.0
anchor_bottom = 1.0
margin_left = 6.0
margin_top = 38.0
margin_right = -36.0
margin_bottom = -8.0
size_flags_horizontal = 2
size_flags_vertical = 2
scroll_horizontal_enabled = false
script = ExtResource( 28 )

[node name="GridContainer" type="GridContainer" parent="Shop/ScrollContainer"]
margin_right = 248.0
mouse_filter = 2
size_flags_horizontal = 3
size_flags_vertical = 2
custom_constants/vseparation = -30
custom_constants/hseparation = -16
columns = 4

[node name="Label" type="Label" parent="Shop"]
light_mask = 0
anchor_right = 1.0
margin_left = 16.0
margin_top = 4.0
margin_right = -110.0
margin_bottom = 32.0
size_flags_horizontal = 2
size_flags_vertical = 0
text = "SHOP"
align = 1
valign = 1
clip_text = true

[node name="Close" type="TextureButton" parent="Shop"]
anchor_left = 1.0
anchor_right = 1.0
margin_left = -110.0
margin_top = 4.0
margin_right = -36.0
margin_bottom = 68.0
rect_min_size = Vector2( 74, 64 )
size_flags_horizontal = 2
size_flags_vertical = 2
texture_normal = ExtResource( 8 )
texture_pressed = ExtResource( 9 )
texture_hover = ExtResource( 10 )
texture_focused = ExtResource( 11 )
expand = true
stretch_mode = 5

[node name="VScrollBar" type="VScrollBar" parent="Shop"]
anchor_left = 1.0
anchor_right = 1.0
anchor_bottom = 1.0
margin_left = -32.0
margin_top = 42.0
margin_right = -4.0
margin_bottom = -24.0
custom_styles/grabber_highlight = SubResource( 8 )
custom_styles/grabber = SubResource( 9 )
custom_styles/scroll = SubResource( 10 )
custom_styles/grabber_pressed = SubResource( 11 )

[node name="Stats" type="Panel" parent="."]
visible = false
anchor_top = 1.0
anchor_bottom = 1.0
margin_left = 25.0
margin_top = -305.0
margin_right = 285.0
margin_bottom = -25.0
size_flags_horizontal = 2
size_flags_vertical = 2
theme = ExtResource( 3 )
custom_styles/panel = SubResource( 4 )

[node name="Base" type="HBoxContainer" parent="Stats"]
visible = false
margin_left = 6.0
margin_top = 38.0
margin_right = 254.0
margin_bottom = 102.0
rect_min_size = Vector2( 0, 64 )
size_flags_horizontal = 3
custom_constants/separation = 0
script = ExtResource( 31 )

[node name="Panel" type="TextureRect" parent="Stats/Base"]
margin_right = 74.0
margin_bottom = 64.0
rect_min_size = Vector2( 74, 64 )
mouse_filter = 2
texture = ExtResource( 17 )
expand = true
stretch_mode = 6

[node name="Label" type="Label" parent="Stats/Base/Panel"]
anchor_right = 1.0
anchor_bottom = 1.0
margin_left = 8.0
margin_top = 4.0
margin_right = -8.0
margin_bottom = -4.0
text = "NAME"
align = 1
valign = 1
autowrap = true
clip_text = true

[node name="Level" type="Label" parent="Stats/Base/Panel"]
anchor_right = 1.0
anchor_bottom = 1.0
margin_left = 16.0
margin_top = 6.0
margin_right = -16.0
margin_bottom = -6.0
text = "0"
align = 2
valign = 2
autowrap = true
clip_text = true

[node name="Spacing" type="Control" parent="Stats/Base"]
margin_left = 74.0
margin_right = 116.0
margin_bottom = 64.0
rect_min_size = Vector2( 42, 0 )

[node name="Button" type="TextureButton" parent="Stats/Base"]
margin_left = 116.0
margin_right = 190.0
margin_bottom = 64.0
rect_min_size = Vector2( 74, 64 )
texture_normal = ExtResource( 32 )
texture_pressed = ExtResource( 33 )
texture_hover = ExtResource( 34 )
texture_focused = ExtResource( 35 )
expand = true
stretch_mode = 6

[node name="Label" type="Label" parent="Stats/Base/Button"]
anchor_right = 1.0
anchor_bottom = 1.0
margin_left = 8.0
margin_top = 4.0
margin_right = -8.0
margin_bottom = -4.0
text = "+"
align = 1
valign = 1
autowrap = true
clip_text = true

[node name="VBoxContainer" type="VBoxContainer" parent="Stats"]
anchor_right = 1.0
anchor_bottom = 1.0
margin_left = 6.0
margin_top = 38.0
margin_right = -6.0
margin_bottom = -42.0
rect_min_size = Vector2( 0, 24 )
size_flags_horizontal = 3
size_flags_vertical = 2
custom_constants/separation = 4

[node name="Label" type="Label" parent="Stats"]
light_mask = 0
anchor_right = 1.0
margin_left = 16.0
margin_top = 4.0
margin_right = -80.0
margin_bottom = 32.0
size_flags_horizontal = 2
size_flags_vertical = 0
text = "STATS"
align = 1
valign = 1
clip_text = true

[node name="Points" type="Label" parent="Stats"]
anchor_top = 1.0
anchor_right = 1.0
anchor_bottom = 1.0
margin_left = 14.0
margin_top = -36.0
margin_right = -70.0
margin_bottom = -4.0
rect_min_size = Vector2( 0, 20 )
size_flags_horizontal = 2
size_flags_vertical = 0
text = "POINTS: 0"
align = 1
valign = 1

[node name="Close" type="TextureButton" parent="Stats"]
anchor_left = 1.0
anchor_right = 1.0
margin_left = -80.0
margin_top = 4.0
margin_right = -6.0
margin_bottom = 68.0
rect_min_size = Vector2( 74, 64 )
size_flags_horizontal = 2
size_flags_vertical = 2
texture_normal = ExtResource( 8 )
texture_pressed = ExtResource( 9 )
texture_hover = ExtResource( 10 )
texture_focused = ExtResource( 11 )
expand = true
stretch_mode = 5

[node name="Skills" type="Panel" parent="."]
visible = false
anchor_bottom = 1.0
margin_left = 25.0
margin_top = 25.0
margin_right = 315.0
margin_bottom = -361.0
size_flags_horizontal = 2
size_flags_vertical = 2
theme = ExtResource( 3 )
custom_styles/panel = SubResource( 7 )

[node name="Base" type="Control" parent="Skills"]
visible = false
margin_left = 6.0
margin_top = 38.0
margin_right = 80.0
margin_bottom = 102.0
rect_min_size = Vector2( 74, 64 )
mouse_filter = 2
size_flags_horizontal = 3

[node name="Panel" type="TextureRect" parent="Skills/Base"]
margin_right = 74.0
margin_bottom = 64.0
rect_min_size = Vector2( 74, 64 )
mouse_filter = 2
size_flags_horizontal = 0
texture = ExtResource( 17 )
expand = true
stretch_mode = 6

[node name="VBoxContainer" type="VBoxContainer" parent="Skills/Base"]
margin_left = 58.0
margin_top = 34.0
margin_right = 306.0
margin_bottom = 98.0
rect_min_size = Vector2( 0, 64 )
size_flags_horizontal = 3
custom_constants/separation = 4

[node name="Skill0" type="HBoxContainer" parent="Skills/Base/VBoxContainer"]
margin_right = 248.0
margin_bottom = 64.0
rect_min_size = Vector2( 0, 64 )
size_flags_horizontal = 3
custom_constants/separation = 0
script = ExtResource( 31 )

[node name="Panel" type="TextureRect" parent="Skills/Base/VBoxContainer/Skill0"]
margin_right = 74.0
margin_bottom = 64.0
rect_min_size = Vector2( 74, 64 )
mouse_filter = 2
texture = ExtResource( 17 )
expand = true
stretch_mode = 6

[node name="Icon" type="TextureRect" parent="Skills/Base/VBoxContainer/Skill0/Panel"]
anchor_right = 1.0
anchor_bottom = 1.0
margin_left = 13.0
margin_top = 8.0
margin_right = -13.0
margin_bottom = -8.0
mouse_filter = 2
expand = true
stretch_mode = 6

[node name="Label" type="Label" parent="Skills/Base/VBoxContainer/Skill0/Panel"]
visible = false
anchor_right = 1.0
anchor_bottom = 1.0
margin_left = 8.0
margin_top = 4.0
margin_right = -8.0
margin_bottom = -4.0
text = "NAME"
align = 1
valign = 1
autowrap = true
clip_text = true

[node name="Level" type="Label" parent="Skills/Base/VBoxContainer/Skill0/Panel"]
anchor_right = 1.0
anchor_bottom = 1.0
margin_left = 16.0
margin_top = 6.0
margin_right = -16.0
margin_bottom = -6.0
text = "0"
align = 2
valign = 2
autowrap = true
clip_text = true

[node name="Spacing" type="Control" parent="Skills/Base/VBoxContainer/Skill0"]
margin_left = 74.0
margin_right = 116.0
margin_bottom = 64.0
rect_min_size = Vector2( 42, 0 )

[node name="Button" type="TextureButton" parent="Skills/Base/VBoxContainer/Skill0"]
margin_left = 116.0
margin_right = 190.0
margin_bottom = 64.0
rect_min_size = Vector2( 74, 64 )
texture_normal = ExtResource( 32 )
texture_pressed = ExtResource( 33 )
texture_hover = ExtResource( 34 )
texture_focused = ExtResource( 35 )
expand = true
stretch_mode = 6

[node name="Label" type="Label" parent="Skills/Base/VBoxContainer/Skill0/Button"]
anchor_right = 1.0
anchor_bottom = 1.0
margin_left = 8.0
margin_top = 4.0
margin_right = -8.0
margin_bottom = -4.0
text = "+"
align = 1
valign = 1
autowrap = true
clip_text = true

[node name="ScrollContainer" type="ScrollContainer" parent="Skills"]
anchor_right = 1.0
anchor_bottom = 1.0
margin_left = 6.0
margin_top = 38.0
margin_right = -36.0
margin_bottom = -42.0
size_flags_horizontal = 2
size_flags_vertical = 2

[node name="VBoxContainer" type="VBoxContainer" parent="Skills/ScrollContainer"]
margin_right = 248.0
rect_min_size = Vector2( 60, 0 )
size_flags_horizontal = 3
size_flags_vertical = 2
custom_constants/separation = 4

[node name="Text" type="Label" parent="Skills"]
anchor_top = 1.0
anchor_right = 1.0
anchor_bottom = 1.0
margin_left = 14.0
margin_top = -36.0
margin_right = -100.0
margin_bottom = -4.0
size_flags_horizontal = 2
size_flags_vertical = 0
text = "POINTS: 0"
align = 1
valign = 1
autowrap = true
clip_text = true

[node name="Label" type="Label" parent="Skills"]
light_mask = 0
anchor_right = 1.0
margin_left = 16.0
margin_top = 4.0
margin_right = -110.0
margin_bottom = 32.0
size_flags_horizontal = 2
size_flags_vertical = 0
text = "SKILLS"
align = 1
valign = 1
clip_text = true

[node name="VScrollBar" type="VScrollBar" parent="Skills"]
anchor_left = 1.0
anchor_right = 1.0
anchor_bottom = 1.0
margin_left = -32.0
margin_top = 42.0
margin_right = -4.0
margin_bottom = -24.0
custom_styles/grabber_highlight = SubResource( 8 )
custom_styles/grabber = SubResource( 9 )
custom_styles/scroll = SubResource( 10 )
custom_styles/grabber_pressed = SubResource( 11 )

[node name="Close" type="TextureButton" parent="Skills"]
anchor_left = 1.0
anchor_right = 1.0
margin_left = -110.0
margin_top = 4.0
margin_right = -36.0
margin_bottom = 68.0
rect_min_size = Vector2( 74, 64 )
size_flags_horizontal = 2
size_flags_vertical = 2
texture_normal = ExtResource( 8 )
texture_pressed = ExtResource( 9 )
texture_hover = ExtResource( 10 )
texture_focused = ExtResource( 11 )
expand = true
stretch_mode = 5

[node name="Inspect" type="Panel" parent="."]
visible = false
light_mask = 0
anchor_left = 1.0
anchor_right = 1.0
anchor_bottom = 1.0
margin_left = -850.0
margin_top = 25.0
margin_right = -328.0
margin_bottom = -26.0
size_flags_horizontal = 2
size_flags_vertical = 2
theme = ExtResource( 3 )
custom_styles/panel = SubResource( 13 )

[node name="Item0" type="HBoxContainer" parent="Inspect"]
visible = false
light_mask = 0
margin_left = 285.0
margin_top = 33.0
margin_right = 359.0
margin_bottom = 97.0
rect_min_size = Vector2( 60, 52 )
mouse_filter = 0
size_flags_horizontal = 2
size_flags_vertical = 0
custom_constants/separation = 0

[node name="Control" type="Control" parent="Inspect/Item0"]
light_mask = 0
margin_bottom = 64.0
mouse_filter = 2
size_flags_horizontal = 2
size_flags_vertical = 3

[node name="Panel" type="TextureRect" parent="Inspect/Item0"]
light_mask = 0
margin_right = 74.0
margin_bottom = 64.0
rect_min_size = Vector2( 74, 64 )
size_flags_horizontal = 2
size_flags_vertical = 2
texture = ExtResource( 17 )
stretch_mode = 6
script = ExtResource( 36 )

[node name="Icon" type="TextureRect" parent="Inspect/Item0/Panel"]
light_mask = 0
anchor_right = 1.0
anchor_bottom = 1.0
margin_left = 13.0
margin_top = 8.0
margin_right = -13.0
margin_bottom = -8.0
mouse_filter = 2
size_flags_horizontal = 2
size_flags_vertical = 2
expand = true
stretch_mode = 6

[node name="Slots" type="Control" parent="Inspect/Item0/Panel"]
light_mask = 0
anchor_right = 1.0
anchor_bottom = 1.0
mouse_filter = 2
script = ExtResource( 19 )

[node name="Type" type="TextureRect" parent="Inspect/Item0/Panel"]
modulate = Color( 0.752941, 0.580392, 0.12549, 1 )
light_mask = 0
anchor_right = 1.0
anchor_bottom = 1.0
mouse_filter = 2
size_flags_horizontal = 2
size_flags_vertical = 2
texture = ExtResource( 20 )
expand = true
stretch_mode = 6

[node name="Level" type="Label" parent="Inspect/Item0/Panel"]
light_mask = 0
anchor_right = 1.0
anchor_bottom = 1.0
margin_left = 16.0
margin_top = 3.0
margin_right = -16.0
margin_bottom = -3.0
size_flags_horizontal = 2
size_flags_vertical = 0
custom_fonts/font = ExtResource( 21 )
text = "Lv. 1"

[node name="Slot" type="Label" parent="Inspect/Item0/Panel"]
visible = false
light_mask = 0
anchor_right = 1.0
anchor_bottom = 1.0
margin_left = 16.0
margin_top = 3.0
margin_right = -16.0
margin_bottom = -3.0
size_flags_horizontal = 2
size_flags_vertical = 0
custom_fonts/font = ExtResource( 22 )
text = "SLOT"
align = 2
valign = 2

[node name="Name" type="Label" parent="Inspect/Item0/Panel"]
visible = false
light_mask = 0
anchor_right = 1.0
anchor_bottom = 1.0
margin_left = 8.0
margin_top = 3.0
margin_right = -8.0
margin_bottom = -3.0
size_flags_horizontal = 2
size_flags_vertical = 0
custom_fonts/font = ExtResource( 2 )
text = "NAME"
align = 1
valign = 1
autowrap = true

[node name="Structure" type="ProgressBar" parent="Inspect/Item0/Panel"]
visible = false
modulate = Color( 1, 1, 1, 0.501961 )
light_mask = 0
anchor_top = 0.5
anchor_right = 1.0
anchor_bottom = 0.5
margin_left = 8.0
margin_top = -5.0
margin_right = -8.0
margin_bottom = 5.0
mouse_filter = 2
custom_styles/fg = SubResource( 14 )
custom_styles/bg = SubResource( 15 )
step = 1.0
value = 50.0
percent_visible = false

[node name="Panel" type="Panel" parent="Inspect"]
anchor_top = 1.0
anchor_bottom = 1.0
margin_left = 4.0
margin_top = -477.0
margin_right = 256.0
margin_bottom = -34.0
custom_styles/panel = SubResource( 6 )

[node name="Label" type="Label" parent="Inspect/Panel"]
light_mask = 0
anchor_right = 1.0
margin_left = 18.0
margin_top = 4.0
margin_right = -76.0
margin_bottom = 32.0
size_flags_horizontal = 2
size_flags_vertical = 0
text = "STATS"
align = 1
valign = 1
autowrap = true
clip_text = true

[node name="Text" type="Label" parent="Inspect/Panel"]
light_mask = 0
anchor_right = 1.0
anchor_bottom = 1.0
margin_left = 6.0
margin_top = 32.0
margin_right = -6.0
margin_bottom = -32.0
size_flags_horizontal = 2
size_flags_vertical = 0
valign = 2
autowrap = true
clip_text = true

[node name="VBoxContainer" type="VBoxContainer" parent="Inspect"]
light_mask = 0
anchor_right = 0.5
margin_left = 5.0
margin_top = 35.0
margin_right = -81.0
margin_bottom = 240.0
mouse_filter = 2
size_flags_horizontal = 2
size_flags_vertical = 0

[node name="Label" type="Label" parent="Inspect/VBoxContainer"]
margin_right = 175.0
margin_bottom = 64.0
rect_min_size = Vector2( 0, 64 )
size_flags_horizontal = 3
text = "LVL"
autowrap = true
clip_text = true

[node name="ScrollContainer" type="ScrollContainer" parent="Inspect"]
light_mask = 0
anchor_left = 0.5
anchor_right = 1.0
anchor_bottom = 1.0
margin_left = -81.0
margin_top = 38.0
margin_right = -36.0
margin_bottom = -36.0
size_flags_horizontal = 2
size_flags_vertical = 2

[node name="VBoxContainer" type="VBoxContainer" parent="Inspect/ScrollContainer"]
light_mask = 0
margin_right = 306.0
margin_bottom = 643.0
rect_min_size = Vector2( 60, 0 )
size_flags_horizontal = 3
size_flags_vertical = 3
custom_constants/separation = -29

[node name="Label" type="Label" parent="Inspect"]
light_mask = 0
anchor_right = 1.0
margin_left = 16.0
margin_top = 4.0
margin_right = -110.0
margin_bottom = 32.0
size_flags_horizontal = 2
size_flags_vertical = 0
text = "EQUIPMENT"
align = 1
valign = 1
clip_text = true
__meta__ = {
"_edit_use_anchors_": false
}

[node name="VScrollBar" type="VScrollBar" parent="Inspect"]
anchor_left = 1.0
anchor_right = 1.0
anchor_bottom = 1.0
margin_left = -32.0
margin_top = 42.0
margin_right = -4.0
margin_bottom = -18.0
custom_styles/grabber_highlight = SubResource( 8 )
custom_styles/grabber = SubResource( 9 )
custom_styles/scroll = SubResource( 10 )
custom_styles/grabber_pressed = SubResource( 11 )

[node name="HScrollBar" type="HScrollBar" parent="Inspect"]
anchor_top = 1.0
anchor_right = 1.0
anchor_bottom = 1.0
margin_left = 6.0
margin_top = -32.0
margin_right = -36.0
margin_bottom = -4.0
custom_styles/grabber_highlight = SubResource( 18 )
custom_styles/grabber = SubResource( 19 )
custom_styles/scroll = SubResource( 10 )
custom_styles/grabber_pressed = SubResource( 20 )

[node name="Close" type="TextureButton" parent="Inspect"]
anchor_left = 1.0
anchor_right = 1.0
margin_left = -110.0
margin_top = 4.0
margin_right = -36.0
margin_bottom = 68.0
rect_min_size = Vector2( 74, 64 )
size_flags_horizontal = 2
size_flags_vertical = 2
texture_normal = ExtResource( 8 )
texture_pressed = ExtResource( 9 )
texture_hover = ExtResource( 10 )
texture_focused = ExtResource( 11 )
expand = true
stretch_mode = 5

[node name="Map" type="Panel" parent="."]
visible = false
light_mask = 0
anchor_left = 0.5
anchor_top = 0.5
anchor_right = 0.5
anchor_bottom = 0.5
margin_left = -478.0
margin_top = -362.0
margin_right = 478.0
margin_bottom = 362.0
size_flags_horizontal = 2
size_flags_vertical = 2
theme = ExtResource( 3 )
custom_styles/panel = SubResource( 30 )

[node name="Icon" type="TextureRect" parent="Map"]
margin_left = 6.0
margin_top = 654.0
margin_right = 80.0
margin_bottom = 718.0
rect_min_size = Vector2( 74, 64 )
texture = ExtResource( 38 )
expand = true
stretch_mode = 6

[node name="Label" type="Label" parent="Map"]
light_mask = 0
anchor_right = 1.0
margin_left = 16.0
margin_top = 8.0
margin_right = -80.0
margin_bottom = 36.0
size_flags_horizontal = 2
size_flags_vertical = 0
text = "MAP"
align = 1
valign = 1
clip_text = true

[node name="Light" type="Light2D" parent="Map"]
position = Vector2( -100, 100 )
texture = ExtResource( 39 )
texture_scale = 3.0
energy = 4.0
range_height = 100.0
range_layer_min = 125
range_layer_max = 125
range_item_cull_mask = 2

[node name="ScrollContainer" type="ScrollContainer" parent="Map"]
anchor_right = 1.0
anchor_bottom = 1.0
margin_left = 4.0
margin_top = 40.0
margin_right = -4.0
margin_bottom = -38.0
scroll_vertical_enabled = false

[node name="HBoxContainer" type="HBoxContainer" parent="Map/ScrollContainer"]
margin_right = 948.0
margin_bottom = 646.0
size_flags_horizontal = 3
size_flags_vertical = 3
custom_constants/separation = 38

[node name="Planet0" type="VBoxContainer" parent="Map/ScrollContainer/HBoxContainer"]
margin_right = 310.0
margin_bottom = 646.0
rect_min_size = Vector2( 310, 512 )
size_flags_vertical = 3
custom_constants/separation = 4

[node name="Panel" type="Panel" parent="Map/ScrollContainer/HBoxContainer/Planet0"]
light_mask = 0
margin_right = 310.0
margin_bottom = 321.0
rect_min_size = Vector2( 0, 288 )
size_flags_horizontal = 3
size_flags_vertical = 3
custom_styles/panel = SubResource( 5 )

[node name="Label" type="Label" parent="Map/ScrollContainer/HBoxContainer/Planet0/Panel"]
light_mask = 0
anchor_right = 1.0
margin_left = 18.0
margin_top = 4.0
margin_right = -18.0
margin_bottom = 31.0
size_flags_horizontal = 2
size_flags_vertical = 0
text = "TERRAN"
align = 1
valign = 1
clip_text = true

[node name="Icon" type="TextureRect" parent="Map/ScrollContainer/HBoxContainer/Planet0/Panel"]
self_modulate = Color( 1, 1, 1, 0.501961 )
light_mask = 2
material = SubResource( 25 )
anchor_right = 1.0
anchor_bottom = 1.0
margin_left = 27.0
margin_top = 40.0
margin_right = -27.0
margin_bottom = -25.0
size_flags_horizontal = 3
size_flags_vertical = 3
texture = ExtResource( 41 )
stretch_mode = 6

[node name="Planet" type="TextureRect" parent="Map/ScrollContainer/HBoxContainer/Planet0/Panel/Icon"]
show_behind_parent = true
light_mask = 2
material = SubResource( 27 )
anchor_right = 1.0
anchor_bottom = 1.0
margin_left = 18.0
margin_top = 18.0
margin_right = -18.0
margin_bottom = -18.0
size_flags_horizontal = 3
size_flags_vertical = 3
texture = ExtResource( 40 )
stretch_mode = 6

[node name="Desc" type="Panel" parent="Map/ScrollContainer/HBoxContainer/Planet0"]
light_mask = 0
margin_top = 325.0
margin_right = 310.0
margin_bottom = 646.0
size_flags_horizontal = 3
size_flags_vertical = 3
custom_styles/panel = SubResource( 28 )

[node name="Label" type="RichTextLabel" parent="Map/ScrollContainer/HBoxContainer/Planet0/Desc"]
margin_left = 6.0
margin_top = 6.0
margin_right = 304.0
margin_bottom = 279.0
size_flags_horizontal = 3
size_flags_vertical = 3
scroll_following = true

[node name="Button" type="Button" parent="Map/ScrollContainer/HBoxContainer/Planet0/Desc"]
light_mask = 0
anchor_top = 1.0
anchor_right = 1.0
anchor_bottom = 1.0
margin_left = 80.0
margin_top = -38.0
margin_right = -80.0
margin_bottom = -6.0
rect_min_size = Vector2( 0, 32 )
size_flags_horizontal = 3
custom_constants/hseparation = 1
text = "FLY_TO"

[node name="HScrollBar" type="HScrollBar" parent="Map"]
anchor_top = 1.0
anchor_right = 1.0
anchor_bottom = 1.0
margin_left = 86.0
margin_top = -34.0
margin_right = -32.0
margin_bottom = -6.0
custom_styles/grabber_highlight = SubResource( 18 )
custom_styles/grabber = SubResource( 19 )
custom_styles/scroll = SubResource( 10 )
custom_styles/grabber_pressed = SubResource( 20 )

[node name="Load" type="Panel" parent="."]
visible = false
anchor_left = 1.0
anchor_right = 1.0
anchor_bottom = 1.0
margin_left = -692.0
margin_top = 91.0
margin_right = -402.0
margin_bottom = -91.0
size_flags_horizontal = 2
size_flags_vertical = 2
theme = ExtResource( 3 )
custom_styles/panel = SubResource( 22 )
__meta__ = {
"_edit_use_anchors_": false
}

[node name="Label" type="Label" parent="Load"]
light_mask = 0
anchor_right = 1.0
margin_left = 16.0
margin_top = 4.0
margin_right = -110.0
margin_bottom = 32.0
size_flags_horizontal = 2
size_flags_vertical = 0
text = "LOAD"
align = 1
valign = 1
clip_text = true

[node name="ScrollContainer" type="ScrollContainer" parent="Load"]
anchor_right = 1.0
anchor_bottom = 1.0
margin_left = 4.0
margin_top = 36.0
margin_right = -34.0
margin_bottom = -40.0
rect_clip_content = false
mouse_filter = 1
theme = ExtResource( 3 )
scroll_horizontal_enabled = false

[node name="VBoxContainer" type="VBoxContainer" parent="Load/ScrollContainer"]
margin_right = 252.0
size_flags_horizontal = 3

[node name="File0" type="Panel" parent="Load/ScrollContainer/VBoxContainer"]
visible = false
margin_right = 252.0
margin_bottom = 170.0
rect_min_size = Vector2( 252, 170 )
mouse_filter = 2
custom_styles/panel = SubResource( 6 )

[node name="Button" type="Button" parent="Load/ScrollContainer/VBoxContainer/File0"]
anchor_left = 0.5
anchor_top = 0.5
anchor_right = 0.5
anchor_bottom = 0.5
margin_left = -118.0
margin_top = -23.0
margin_right = 118.0
margin_bottom = 23.0
size_flags_vertical = 4
custom_fonts/font = ExtResource( 2 )
custom_constants/hseparation = 1
clip_text = true
__meta__ = {
"_edit_use_anchors_": false
}

[node name="Label" type="Label" parent="Load/ScrollContainer/VBoxContainer/File0/Button"]
anchor_right = 1.0
anchor_bottom = 1.0
margin_left = 2.0
margin_top = 2.0
margin_right = -2.0
margin_bottom = -2.0
text = "NAME"
align = 1
valign = 1
autowrap = true
clip_text = true

[node name="Status" type="Label" parent="Load/ScrollContainer/VBoxContainer/File0"]
anchor_right = 1.0
margin_left = 16.0
margin_top = 6.0
margin_right = -74.0
margin_bottom = 60.0
align = 1
valign = 1
autowrap = true
clip_text = true

[node name="Location" type="Label" parent="Load/ScrollContainer/VBoxContainer/File0"]
anchor_top = 1.0
anchor_right = 1.0
anchor_bottom = 1.0
margin_left = 74.0
margin_top = -60.0
margin_right = -16.0
margin_bottom = -6.0
align = 1
valign = 1
autowrap = true
clip_text = true

[node name="VScrollBar" type="VScrollBar" parent="Load"]
anchor_left = 1.0
anchor_right = 1.0
anchor_bottom = 1.0
margin_left = -32.0
margin_top = 42.0
margin_right = -4.0
margin_bottom = -24.0
custom_styles/grabber_highlight = SubResource( 8 )
custom_styles/grabber = SubResource( 9 )
custom_styles/scroll = SubResource( 10 )
custom_styles/grabber_pressed = SubResource( 11 )

[node name="Close" type="TextureButton" parent="Load"]
anchor_left = 1.0
anchor_right = 1.0
margin_left = -110.0
margin_top = 4.0
margin_right = -36.0
margin_bottom = 68.0
rect_min_size = Vector2( 74, 64 )
size_flags_horizontal = 2
size_flags_vertical = 2
texture_normal = ExtResource( 8 )
texture_pressed = ExtResource( 9 )
texture_hover = ExtResource( 10 )
texture_focused = ExtResource( 11 )
expand = true
stretch_mode = 5

[node name="Dead" type="Panel" parent="."]
visible = false
anchor_left = 1.0
anchor_top = 1.0
anchor_right = 1.0
anchor_bottom = 1.0
margin_left = -564.0
margin_top = -660.0
margin_right = -188.0
margin_bottom = -108.0
size_flags_horizontal = 2
size_flags_vertical = 2
theme = ExtResource( 3 )
custom_styles/panel = SubResource( 4 )

[node name="Text" type="RichTextLabel" parent="Dead"]
anchor_right = 1.0
anchor_bottom = 1.0
margin_left = 6.0
margin_top = 38.0
margin_right = -6.0
margin_bottom = -42.0
text = "YOU_DIED"
scroll_following = true

[node name="Label" type="Label" parent="Dead"]
light_mask = 0
anchor_right = 1.0
margin_left = 16.0
margin_top = 4.0
margin_right = -244.0
margin_bottom = 32.0
size_flags_horizontal = 2
size_flags_vertical = 0
text = "DEAD"
align = 1
valign = 1
clip_text = true

[node name="Close" type="TextureButton" parent="Dead"]
anchor_left = 1.0
anchor_right = 1.0
margin_left = -80.0
margin_top = 4.0
margin_right = -6.0
margin_bottom = 68.0
rect_min_size = Vector2( 74, 64 )
size_flags_horizontal = 2
size_flags_vertical = 2
texture_normal = ExtResource( 8 )
texture_pressed = ExtResource( 9 )
texture_hover = ExtResource( 10 )
texture_focused = ExtResource( 11 )
expand = true
stretch_mode = 5

[node name="Tooltip" type="Panel" parent="."]
visible = false
self_modulate = Color( 1, 1, 1, 0.627451 )
light_mask = 0
margin_right = 192.0
margin_bottom = 64.0
rect_min_size = Vector2( 320, 48 )
mouse_filter = 2
theme = ExtResource( 3 )
custom_styles/panel = SubResource( 29 )

[node name="Text" type="RichTextLabel" parent="Tooltip"]
light_mask = 0
anchor_right = 1.0
anchor_bottom = 1.0
margin_left = 16.0
margin_top = 2.0
margin_right = -2.0
margin_bottom = -2.0
mouse_filter = 2
text = "DISTANCE"

[connection signal="text_changed" from="NewGame/Name/LineEdit" to="." method="_set_name"]
